@PREAMBLE{
 "\providecommand{\noopsort}[1]{}" 
 # "\providecommand{\singleletter}[1]{#1}%" 
}

@string{aap= {A\&A}}                % Astronomy and Astrophysics
@string{aapr= {A\&A~Rev.}}          % Astronomy and Astrophysics Reviews
@string{aaps= {A\&AS}}              % Astronomy and Astrophysics, Supplement
@string{aj= {AJ}}                   % Astronomical Journal
@string{amaf= {Ark. Mat. Astr. Fys.}}
@string{an= {Astron. Nachr.}}
@string{ao= {Appl.~Opt.}}           % Applied Optics
@string{apj= {Astrophys. J.}}       % Astrophysical Journal
@string{apjl= {Astrophys. J.}}      % Astrophysical Journal, Letters
@string{apjs= {ApJS}}               % Astrophysical Journal, Supplement
@string{aplett= {Astrophys.~Lett.}} % Astrophysics Letters
@string{aps= {Americ. Phys. Soc.}}
@string{apspr= {Astrophys.~Space~Phys.~Res.}}
@string{apss= {Ap\&SS}}             % Astrophysics and Space Science
@string{araa= {Annu. Rev. Astron. Astrophys.}} % Annual Review of Astron and Astrophys
@string{areps= {Annu. Rev. Earth Planet. Sci.}}
@string{arfm= {Annu. Rev. Fluid Mech.}}
@string{azh= {AZh}}                 % Astronomicheskii Zhurnal
@string{baas= {BAAS}}               % Bulletin of the AAS
@string{bain= {Bull.~Astron.~Inst.~Netherlands}} 
@string{cras= {C. R. Acad. Sci. Paris}}
@string{ef= {Exp. Fluid}}
@string{epsl= {Earth Planet. Sci. Lett.}}
@string{fcp= {Fund.~Cosmic~Phys.}}  % Fundamental Cosmic Physics
@string{ga= {Geomag. Aeronomy}}
@string{gafd= {Geophys. Astrophys. Fluid Dyn.}}
@string{gca= {Geochim.~Cosmochim.~Acta}} % Geochimica Cosmochimica Acta
@string{ggg= {Geochemistry Geophysics Geosystems}},
@string{gji= {Geophys. J. Int.}}
@string{gjras= {Geophys. J. R. Astr. Soc.}}
@string{grl= {Geophys.~Res.~Lett.}} % Geophysics Research Letters
@string{iaucirc= {IAU~Circ.}}       % IAU Cirulars
@string{jats= {J.~Atmos.~Sci.}}
@string{jcp= {J.~Chem.~Phys.}}      % Journal of Chemical Physics
@string{jfm= {J. Fluid Mech.}}
@string{jgg= {J. Geomag. Geoelectr.}}
@string{jgr= {J.~Geophys.~Res.}}    % Journal of Geophysics Research
@string{jmr= {J.~Mar.~Res.}}        % Journal of Marine Research
@string{jqsrt= {J.~Quant.~Spec.~Radiat.~Transf.}}
@string{jrasc= {JRASC}}             % Journal of the RAS of Canada
@string{jrms= {J. R. Met. Soc.}}
@string{memras= {MmRAS}}            % Memoihoma
@string{memsai= {Mem.~Soc.~Astron.~Italiana}}
@string{mnras= {MNRAS}}             % Monthly Notices of the RAS
@string{nat= {Nature}}              % Nature
@string{nar= {New A Rev.}}              % New Astronomy Review
@string{nphysa= {Nucl.~Phys.~A}}    % Nuclear Physics A
@string{pasj= {PASJ}}               % Publications of the ASJ
@string{pasp= {PASP}}               % Publications of the ASP
@string{pepi= {Phys. Earth Planet. Inter.}}
@string{pf= {Phys. Fluids}}
@string{physrep= {Phys.~Rep.}}      % Physics Reports
@string{physscr= {Phys.~Scr}}       % Physica Scripta
@string{planss= {Planet.~Space~Sci.}} % Planetary Space Science
@string{pra= {Phys.~Rev.~A}}        % Physical Review A: General Physics
@string{prb= {Phys.~Rev.~B}}        % Physical Review B: Solid State
@string{prc= {Phys.~Rev.~C}}        % Physical Review C
@string{prd= {Phys.~Rev.~D}}        % Physical Review D
@string{pre= {Phys.~Rev.~E}}        % Physical Review E
@string{prl= {Phys.~Rev.~Lett.}}    % Physical Review Letters
@string{procspie= {Proc.~SPIE}}     % Proceedings of the SPIE
@string{prsl= {Proc. R. Soc. Lond. A}}
@string{ptrsl= {Phil. Trans. R. Soc. Lond.}}
@string{qjras= {QJRAS}}             % Quarterly Journal of the RAS
@string{rpp= {Rep. Prog. Phys.}}
@string{sci= {Science}}
@string{skytel= {S\&T}}             % Sky and Telescope
@string{solphys= {Sol.~Phys.}}      % Solar Physics
@string{sovast= {Soviet~Ast.}}      % Soviet Astronomy
@string{ssr= {Space~Sci.~Rev.}}     % Space Science Reviews
@string{zap= {ZAp}}                 % Zeitschrift fuer Astrophysik

@string{ap= {Academic Press}}
@string{uap= {Univ. Arizona Press}}
@string{up= {University Press}}

@INBOOK{AbramowitzStegun65,
   author = {{Abramowitz}, M. and {Stegun}, I.~A.},
    title = "{Handbook of mathematical functions with formulas, graphs, and mathematical tables}",
  chapter = 5,
publisher = {Dover},
address = {New York},
     year = 1965,
   adsurl = {http://adsabs.harvard.edu/abs/1965hmfw.book.....A},
  adsnote = {Provided by the SAO/NASA Astrophysics Data System}
}

@ARTICLE{AAal13,
   author = {{Acevedo-Arreguin}, L.~A. and {Garaud}, P. and {Wood}, T.~S.
	},
    title = "{Dynamics of the solar tachocline - III. Numerical solutions of the Gough and McIntyre model}",
  journal = mnras,
archivePrefix = "arXiv",
   eprint = {1304.3167},
 primaryClass = "astro-ph.SR",
 keywords = {MHD, Sun: interior, Sun: rotation},
     year = 2013,
    month = sep,
   volume = 434,
    pages = {720-741}
}

@ARTICLE{Allain98,
   author = {{Allain}, S.},
    title = "{Modelling the angular momentum evolution of low-mass stars with core-envelope decoupling}",
  journal = aap,
     year = 1998,
    month = may,
   volume = 333,
    pages = {629-643}
}

@article{andereck_liu_swinney_1986, title={Flow regimes in a circular Couette system with independently rotating cylinders}, volume={164}, DOI={10.1017/S0022112086002513}, journal={Journal of Fluid Mechanics}, publisher={Cambridge University Press}, author={Andereck, C. David and Liu, S. S. and Swinney, Harry L.}, year={1986}, pages={155?183}}


@ARTICLE{Auriereal2007,
       author = {{Auri{\`e}re}, M. and {Wade}, G.~A. and {Silvester}, J. and {Ligni{\`e}res}, F. and {Bagnulo}, S. and {Bale}, K. and {Dintrans}, B. and {Donati}, J.~F. and {Folsom}, C.~P. and {Gruberbauer}, M. and {Hui Bon Hoa}, A. and {Jeffers}, S. and {Johnson}, N. and {Landstreet}, J.~D. and {L{\`e}bre}, A. and {Lueftinger}, T. and {Marsden}, S. and {Mouillet}, D. and {Naseri}, S. and {Paletou}, F. and {Petit}, P. and {Power}, J. and {Rincon}, F. and {Strasser}, S. and {Toqu{\'e}}, N.},
        title = "{Weak magnetic fields in Ap/Bp stars. Evidence for a dipole field lower limit and a tentative interpretation of the magnetic dichotomy}",
      journal = {\aap},
     keywords = {stars: chemically peculiar, stars: magnetic fields, Astrophysics},
         year = 2007,
        month = dec,
       volume = {475},
       number = {3},
        pages = {1053-1065},
          doi = {10.1051/0004-6361:20078189},
archivePrefix = {arXiv},
       eprint = {0710.1554},
 primaryClass = {astro-ph},
       adsurl = {https://ui.adsabs.harvard.edu/abs/2007A&A...475.1053A},
      adsnote = {Provided by the SAO/NASA Astrophysics Data System}
}

@ARTICLE{Aertsal2019,
       author = {{Aerts}, Conny and {Mathis}, St{\'e}phane and {Rogers}, Tamara M.},
        title = "{Angular Momentum Transport in Stellar Interiors}",
      journal = {ARAA},
     keywords = {Astrophysics - Solar and Stellar Astrophysics},
         year = 2019,
        month = aug,
       volume = {57},
        pages = {35-78},
          doi = {10.1146/annurev-astro-091918-104359},
archivePrefix = {arXiv},
       eprint = {1809.07779},
 primaryClass = {astro-ph.SR},
       adsurl = {https://ui.adsabs.harvard.edu/abs/2019ARA&A..57...35A},
      adsnote = {Provided by the SAO/NASA Astrophysics Data System}
}

@ARTICLE{Cumming2005,
       author = {{Cumming}, Andrew},
        title = "{Latitudinal Shear Instabilities during Type I X-Ray Bursts}",
      journal = {\apj},
     keywords = {Accretion, Accretion Disks, Stars: Neutron, X-Rays: Bursts, Astrophysics},
         year = 2005,
        month = sep,
       volume = {630},
       number = {1},
        pages = {441-453},
          doi = {10.1086/431731},
archivePrefix = {arXiv},
       eprint = {astro-ph/0505067},
 primaryClass = {astro-ph},
       adsurl = {https://ui.adsabs.harvard.edu/abs/2005ApJ...630..441C},
      adsnote = {Provided by the SAO/NASA Astrophysics Data System}
}


@ARTICLE{Charbonneaual1999,
       author = {{Charbonneau}, Paul and {Dikpati}, Mausumi and {Gilman}, Peter A.},
        title = "{Stability of the Solar Latitudinal Differential Rotation Inferred from Helioseismic Data}",
      journal = {\apj},
     keywords = {HYDRODYNAMICS, SUN: OSCILLATIONS, SUN: ROTATION, Hydrodynamics, Sun: Oscillations, Sun: Rotation},
         year = 1999,
        month = nov,
       volume = {526},
       number = {1},
        pages = {523-537},
          doi = {10.1086/307989},
       adsurl = {https://ui.adsabs.harvard.edu/abs/1999ApJ...526..523C},
      adsnote = {Provided by the SAO/NASA Astrophysics Data System}
}



@ARTICLE{Watson1981,
       author = {{Watson}, M.},
        title = "{Shear instability of differential rotation in stars.}",
      journal = {Geophysical and Astrophysical Fluid Dynamics},
     keywords = {Astronomical Models, Flow Stability, Rotating Fluids, Shear Flow, Stellar Rotation, Adiabatic Conditions, Angular Momentum, Angular Velocity, Boundary Value Problems, Eigenvalues, Legendre Functions, Matrices (Mathematics), Solar Rotation, Sound Waves, Astrophysics, Differential Rotation:Stars},
         year = 1981,
        month = jan,
       volume = {16},
       number = {4},
        pages = {285-298},
       adsurl = {https://ui.adsabs.harvard.edu/abs/1981GApFD..16..285W},
      adsnote = {Provided by the SAO/NASA Astrophysics Data System}
}





@ARTICLE{Irwinal07,
   author = {{Irwin}, J. and {Hodgkin}, S. and {Aigrain}, S. and {Hebb}, L. and 
	{Bouvier}, J. and {Clarke}, C. and {Moraux}, E. and {Bramich}, D.~M.
	},
    title = "{The Monitor project: rotation of low-mass stars in the open cluster NGC2516}",
  journal = mnras,
   eprint = {arXiv:astro-ph/0702518},
 keywords = {techniques: photometric, surveys, stars: rotation, open clusters and associations: individual: NGC2516},
     year = 2007,
    month = may,
   volume = 377,
    pages = {741-758}
}


@ARTICLE{Alfven42,
   author = {{Alfv{\'e}n}, H.},
    title = "{Existence of electromagnetic-hydrodynamic waves}",
  journal = nat,
     year = 1942,
    month = oct,
   volume = 150,
    pages = {405-406},
      doi = {10.1038/150405d0},
   adsurl = {http://adsabs.harvard.edu/abs/1942Natur.150..405A},
  adsnote = {Provided by the SAO/NASA Astrophysics Data System}
}

@ARTICLE{BalmforthYoung2002,
   author = {{Balmforth}, N.~J. and {Young}, Y.-N.},
    title = "{Stratified Kolmogorov flow}",
  journal = jfm,
     year = 2002,
    month = jan,
   volume = 450,
    pages = {131-167}
}

@article{Kolmogorv1941a,
    author = {{Kolmogorov} A.},
    title = "{The Local Structure of Turbulence in Incompressible Viscous Fluid for Very Large Reynolds Numbers}",
    journal = "Proceedings: Mathematical and Physical Sciences",
    vol = 434,
    number = 1890,
    year = 1991,
    pages = {9-13},
    adsurl = {https://www.jstor.org/stable/51980},
    adsnote = {Provided by JSTOR Archive}
}

@article{Kolmogorv1941b,
    author = {{Kolmogorov} A.},
    title = "{On degeneration of isotropic turbulence in an incompressible viscous liquid}",
    journal = "Proc. Acad. Sci. USSR",
    vol = 31,
    year = 1941,
    pages = {538-540},
}

@article{Kolmogorv1941c,
    author = {{Kolmogorov} A.},
    title = "{Dissipation of Energy in the locally isotropic turbulence}",
    journal = "Proceedings: Mathematical and Physical Sciences",
    vol = 434,
    number = 1890,
    year = 1991,
    pages = {15-17},
    adsurl = {https://www.jstor.org/stable/51981},
    adsnote = {Provided by JSTOR Archive}
}

@ARTICLE{Baumann10,
   author = {{Baumann}, P. and {Ram{\'{\i}}rez}, I. and {Mel{\'e}ndez}, J. and 
	{Asplund}, M. and {Lind}, K.},
    title = "{Lithium depletion in solar-like stars: no planet connection}",
  journal = aap,
archivePrefix = "arXiv",
   eprint = {1008.0575},
 primaryClass = "astro-ph.SR",
 keywords = {Sun: abundances, stars: abundances, planetary systems},
     year = 2010,
    month = sep,
   volume = 519,
      eid = {A87},
    pages = {A87}
}


@ARTICLE{BarcilonPedlosky67,
   author = {{Barcilon}, V. and {Pedlosky}, J.},
    title = "{A unified linear theory of homogeneous and stratified rotating fluids}",
  journal = jfm,
     year = 1967,
   volume = 29,
    pages = {609-621},
      doi = {10.1017/S0022112067001053},
   adsurl = {http://adsabs.harvard.edu/abs/1967JFM....29..609B},
  adsnote = {Provided by the SAO/NASA Astrophysics Data System}
}

@ARTICLE{BasuAntia03,
   author = {{Basu}, S. and {Antia}, H.~M.},
    title = "{Changes in solar dynamics from 1995 to 2002}",
  journal = apj,
   eprint = {arXiv:astro-ph/0211548},
 keywords = {Sun: Helioseismology, Sun: Interior, Sun: Oscillations, Sun: Rotation},
     year = 2003,
    month = mar,
   volume = 585,
    pages = {553-565},
      doi = {10.1086/346020},
   adsurl = {http://adsabs.harvard.edu/abs/2003ApJ...585..553B},
  adsnote = {Provided by the SAO/NASA Astrophysics Data System}
}

@ARTICLE{Beaumont81,
   author = {{Beaumont}, D.~N.},
    title = "{The stability of spatially periodic flows}",
  journal = jfm,
     year = 1981,
   volume = 108,
    pages = {461-474},
      doi = {10.1017/S0022112081002218},
   adsurl = {http://adsabs.harvard.edu/abs/1981JFM...108..461B},
  adsnote = {Provided by the SAO/NASA Astrophysics Data System}
}

@ARTICLE{Beck-etal11,
   author = {{Beck}, P.~G. et al.},
    title = "{Fast core rotation in red-giant stars revealed by gravity-dominated
mixed modes}",
  journal = nat,
     year = 2011,
    month = nov,
   volume = {accepted}
}


@ARTICLE{Skoutneval2021,
       author = {{Skoutnev}, V. and {Squire}, J. and {Bhattacharjee}, A.},
        title = "{Small-scale Dynamo in Stably Stratified Turbulence}",
      journal = {\apj},
     keywords = {Solar dynamo, Stellar interiors, Solar interior, Magnetic fields, Solar magnetic fields, Stellar magnetic fields, 2001, 1606, 1500, 994, 1503, 1610, Physics - Fluid Dynamics, Astrophysics - Solar and Stellar Astrophysics},
         year = 2021,
        month = jan,
       volume = {906},
       number = {1},
          eid = {61},
        pages = {61},
          doi = {10.3847/1538-4357/abc8ee},
archivePrefix = {arXiv},
       eprint = {2008.01025},
 primaryClass = {physics.flu-dyn},
       adsurl = {https://ui.adsabs.harvard.edu/abs/2021ApJ...906...61S},
      adsnote = {Provided by the SAO/NASA Astrophysics Data System}
}


@ARTICLE{BentonClark74,
   author = {{Benton}, E.~R. and {Clark}, A.},
    title = "{Spin-up}",
  journal = arfm,
     year = 1974,
   volume = 6,
    pages = {257-280},
      doi = {10.1146/annurev.fl.06.010174.001353},
   adsurl = {http://adsabs.harvard.edu/abs/1974AnRFM...6..257B},
  adsnote = {Provided by the SAO/NASA Astrophysics Data System}
}

@INPROCEEDINGS{Bischoff13,
   author = {{Bischoff}, T.},
   booktitle = {Proceedings of the 2013 program in Geophysical Fluid Dynamics},
    title = "{Energy stability and Mixing Efficiency in Forced Stratified Shear Flows}",
     year = 2013,
   series = {Proceedings of the 2013 program in Geophysical Fluid Dynamics},
   editor = "{C. Cenedese, E. Chassignet,  S. Llewellyn-Smith}"
}

@ARTICLE{BraithwaiteSpruit2004,
       author = {{Braithwaite}, Jonathan and {Spruit}, Hendrik C.},
        title = "{A fossil origin for the magnetic field in A stars and white dwarfs}",
      journal = {\nat},
     keywords = {Astrophysics},
         year = 2004,
        month = oct,
       volume = {431},
       number = {7010},
        pages = {819-821},
          doi = {10.1038/nature02934},
archivePrefix = {arXiv},
       eprint = {astro-ph/0502043},
 primaryClass = {astro-ph},
       adsurl = {https://ui.adsabs.harvard.edu/abs/2004Natur.431..819B},
      adsnote = {Provided by the SAO/NASA Astrophysics Data System}
}

@ARTICLE{BraithwaiteSpruit2017,
       author = {{Braithwaite}, Jonathan and {Spruit}, Henk C.},
        title = "{Magnetic fields in non-convective regions of stars}",
      journal = {Royal Society Open Science},
     keywords = {Astrophysics - Solar and Stellar Astrophysics},
         year = 2017,
        month = feb,
       volume = {4},
       number = {2},
          eid = {160271},
        pages = {160271},
          doi = {10.1098/rsos.160271},
archivePrefix = {arXiv},
       eprint = {1510.03198},
 primaryClass = {astro-ph.SR},
       adsurl = {https://ui.adsabs.harvard.edu/abs/2017RSOS....460271B},
      adsnote = {Provided by the SAO/NASA Astrophysics Data System}
}

@ARTICLE{Bychkoval2003,
       author = {{Bychkov}, V.~D. and {Bychkova}, L.~V. and {Madej}, J.},
        title = "{Catalogue of averaged stellar effective magnetic fields. I. Chemically peculiar A and B type stars}",
      journal = {\aap},
     keywords = {stars: magnetic fields, stars: fundamental parameters, Astrophysics},
         year = 2003,
        month = aug,
       volume = {407},
        pages = {631-642},
          doi = {10.1051/0004-6361:20030741},
archivePrefix = {arXiv},
       eprint = {astro-ph/0307356},
 primaryClass = {astro-ph},
       adsurl = {https://ui.adsabs.harvard.edu/abs/2003A&A...407..631B},
      adsnote = {Provided by the SAO/NASA Astrophysics Data System}
}


@ARTICLE{BrethertonSpiegel68,
   author = {{Bretherton}, F.~P. and {Spiegel}, A.~E.},
    title = "{The effect of the convection zone on solar spin-down}",
  journal = apjl,
     year = 1968,
    month = aug,
   volume = 153,
    pages = {L77-L80},
      doi = {10.1086/180224},
   adsurl = {http://adsabs.harvard.edu/abs/1968ApJ...153L..77B},
  adsnote = {Provided by the SAO/NASA Astrophysics Data System}
}

@ARTICLE{BrunZahn06,
   author = {{Brun}, A.~S. and {Zahn}, {J.-P.}},
    title = "{Magnetic confinement of the solar tachocline}",
  journal = aap,
   eprint = {arXiv:astro-ph/0610069},
 keywords = {magnetohydrodynamics (MHD), turbulence, Sun: rotation, stars: evolution, stars: rotation},
     year = 2006,
    month = oct,
   volume = 457,
    pages = {665-674}
}
@BOOK{Eddington1926,
       author = {{Eddington}, A.~S.},
        title = "{The Internal Constitution of the Stars}",
         year = 1926,
       adsurl = {https://ui.adsabs.harvard.edu/abs/1926ics..book.....E},
      adsnote = {Provided by the SAO/NASA Astrophysics Data System}
}

@ARTICLE{ElliottGough1999,
       author = {{Elliott}, J.~R. and {Gough}, D.~O.},
        title = "{Calibration of the Thickness of the Solar Tachocline}",
      journal = {\apj},
     keywords = {SUN: INTERIOR, SUN: OSCILLATIONS, Sun: Interior, Sun: Oscillations},
         year = 1999,
        month = may,
       volume = {516},
       number = {1},
        pages = {475-481},
          doi = {10.1086/307092},
       adsurl = {https://ui.adsabs.harvard.edu/abs/1999ApJ...516..475E},
      adsnote = {Provided by the SAO/NASA Astrophysics Data System}
}

@ARTICLE{Pedersenal2021,
       author = {{Pedersen}, May G. and {Aerts}, Conny and {P{\'a}pics}, P{\'e}ter I. and {Michielsen}, Mathias and {Gebruers}, Sarah and {Rogers}, Tamara M. and {Molenberghs}, Geert and {Burssens}, Siemen and {Garcia}, Stefano and {Bowman}, Dominic M.},
        title = "{Internal mixing of rotating stars inferred from dipole gravity modes}",
      journal = {Nature Astronomy},
     keywords = {Astrophysics - Solar and Stellar Astrophysics},
         year = 2021,
        month = jan,
       volume = {5},
        pages = {715-722},
          doi = {10.1038/s41550-021-01351-x},
archivePrefix = {arXiv},
       eprint = {2105.04533},
 primaryClass = {astro-ph.SR},
       adsurl = {https://ui.adsabs.harvard.edu/abs/2021NatAs...5..715P},
      adsnote = {Provided by the SAO/NASA Astrophysics Data System}
}



@ARTICLE{SchatzmanBaglin1991,
       author = {{Schatzman}, E. and {Baglin}, A.},
        title = "{On the physics of lithium depeletion.}",
      journal = {\aap},
     keywords = {Lithium, Open Clusters, Stellar Evolution, Stellar Physics, Stellar Rotation, Abundance, Depletion, Turbulent Flow, Turbulent Mixing, Astrophysics},
         year = 1991,
        month = sep,
       volume = {249},
        pages = {125},
       adsurl = {https://ui.adsabs.harvard.edu/abs/1991A&A...249..125S},
      adsnote = {Provided by the SAO/NASA Astrophysics Data System}
}

@ARTICLE{HoudekGough2011,
       author = {{Houdek}, G. and {Gough}, D.~O.},
        title = "{On the seismic age and heavy-element abundance of the Sun}",
      journal = {\mnras},
     keywords = {Sun: abundances, Sun: fundamental parameters, Sun: interior, Sun: oscillations, stars: interiors, stars: oscillations, Astrophysics - Solar and Stellar Astrophysics},
         year = 2011,
        month = dec,
       volume = {418},
       number = {2},
        pages = {1217-1230},
          doi = {10.1111/j.1365-2966.2011.19572.x},
archivePrefix = {arXiv},
       eprint = {1108.0802},
 primaryClass = {astro-ph.SR},
       adsurl = {https://ui.adsabs.harvard.edu/abs/2011MNRAS.418.1217H},
      adsnote = {Provided by the SAO/NASA Astrophysics Data System}
}



@ARTICLE{Parkal2020,
       author = {{Park}, J. and {Prat}, V. and {Mathis}, S.},
        title = "{Horizontal shear instabilities in rotating stellar radiation zones. I. Inflectional and inertial instabilities and the effects of thermal diffusion}",
      journal = {\aap},
     keywords = {hydrodynamics, turbulence, stars: rotation, stars: evolution, Astrophysics - Solar and Stellar Astrophysics, Physics - Atmospheric and Oceanic Physics, Physics - Fluid Dynamics},
         year = 2020,
        month = mar,
       volume = {635},
          eid = {A133},
        pages = {A133},
          doi = {10.1051/0004-6361/201936863},
archivePrefix = {arXiv},
       eprint = {1910.09860},
 primaryClass = {astro-ph.SR},
       adsurl = {https://ui.adsabs.harvard.edu/abs/2020A&A...635A.133P},
      adsnote = {Provided by the SAO/NASA Astrophysics Data System}
}

@ARTICLE{MathisZahn2004,
       author = {{Mathis}, S. and {Zahn}, J. -P.},
        title = "{Transport and mixing in the radiation zones of rotating stars. I. Hydrodynamical processes}",
      journal = {\aap},
     keywords = {turbulence, stars: evolution, stars: rotation, Astrophysics},
         year = 2004,
        month = oct,
       volume = {425},
        pages = {229-242},
          doi = {10.1051/0004-6361:20040278},
archivePrefix = {arXiv},
       eprint = {astro-ph/0406418},
 primaryClass = {astro-ph},
       adsurl = {https://ui.adsabs.harvard.edu/abs/2004A&A...425..229M},
      adsnote = {Provided by the SAO/NASA Astrophysics Data System}
}




@ARTICLE{AroboneSarkar2012,
       author = {{Arobone}, Eric and {Sarkar}, Sutanu},
        title = "{Evolution of a stratified rotating shear layer with horizontal shear. Part I. Linear stability}",
      journal = {Journal of Fluid Mechanics},
         year = 2012,
        month = jul,
       volume = {703},
        pages = {29-48},
          doi = {10.1017/jfm.2012.183},
       adsurl = {https://ui.adsabs.harvard.edu/abs/2012JFM...703...29A},
      adsnote = {Provided by the SAO/NASA Astrophysics Data System}
}



@ARTICLE{Brownal89,
   author = {{Brown}, T.~M. and {Christensen-Dalsgaard}, J. and {Dziembowski}, W.~A. and 
	{Goode}, P. and {Gough}, D.~O. and {Morrow}, C.~A.},
    title = "{Inferring the sun's internal angular velocity from observed p-mode frequency splittings}",
  journal = apj,
 keywords = {ANGULAR VELOCITY, SOLAR INTERIOR, SOLAR OSCILLATIONS, SOLAR ROTATION, ERROR ANALYSIS, FORWARD SCATTERING, INTEGRAL EQUATIONS, INVERSE SCATTERING, KERNEL FUNCTIONS, TACHOMETERS},
     year = 1989,
    month = aug,
   volume = 343,
    pages = {526-546},
      doi = {10.1086/167727},
   adsurl = {http://adsabs.harvard.edu/abs/1989ApJ...343..526B},
  adsnote = {Provided by the SAO/NASA Astrophysics Data System}
}

@ARTICLE{BrunBrowning2017,
       author = {{Brun}, Allan Sacha and {Browning}, Matthew K.},
        title = "{Magnetism, dynamo action and the solar-stellar connection}",
      journal = {Living Reviews in Solar Physics},
     keywords = {Stellar magnetism, Dynamo, Sun: magnetic fields, rotation, Stars: magnetism, rotation, wind, Convection, Magnetohydrodynamics (MHD), Methods: numerical},
         year = 2017,
        month = sep,
       volume = {14},
       number = {1},
          eid = {4},
        pages = {4},
          doi = {10.1007/s41116-017-0007-8},
       adsurl = {https://ui.adsabs.harvard.edu/abs/2017LRSP...14....4B},
      adsnote = {Provided by the SAO/NASA Astrophysics Data System}
}


@ARTICLE{Bruckeral07,
   author = {{Brucker}, K.~A. and {Isaza}, J.~C. and {Vaithianathan}, T. and 
	{Collins}, L.~R.},
    title = "{Efficient algorithm for simulating homogeneous turbulent shear flow without remeshing}",
  journal = {Journal of Computational Physics},
     year = 2007,
    month = jul,
   volume = 225,
    pages = {20-32}
}


@ARTICLE{BruggenHillebrandt01,
   author = {{Br{\"u}ggen}, M. and {Hillebrandt}, W.},
    title = "{Mixing through shear instabilities}",
  journal = mnras,
   eprint = {astro-ph/0008270},
 keywords = {HYDRODYNAMICS, INSTABILITIES, STARS: GENERAL},
     year = 2001,
    month = jan,
   volume = 320,
    pages = {73-82}
}

@ARTICLE{Brownal13,
   author = {{Brown}, J.~M. and {Garaud}, P. and {Stellmach}, S.},
    title = "{Chemical Transport and Spontaneous Layer Formation in Fingering Convection in Astrophysics}",
  journal = apj,
archivePrefix = "arXiv",
   eprint = {1212.1688},
 primaryClass = "astro-ph.SR",
 keywords = {convection, diffusion, hydrodynamics, instabilities, planet-star interactions, stars: evolution },
     year = 2013,     
    month = may,
   volume = 768,
      eid = {34},
    pages = {34}
}


@ARTICLE{Brummell-etal02,
   author = {{Brummell}, N.~H. and {Clune}, T.~L. and {Toomre}, J.},
    title = "{Penetration and overshooting in turbulent compressible convection}",
  journal = apj,
 keywords = {Convection, Stars: Interiors, Sun: Interior, Turbulence},
     year = 2002,
    month = may,
   volume = 570,
    pages = {825-854}
}

@ARTICLE{BrunToomre02,
   author = {{Brun}, A.~S. and {Toomre}, J.},
    title = "{Turbulent Convection under the Influence of Rotation: Sustaining a Strong Differential Rotation}",
  journal = apj,
   eprint = {arXiv:astro-ph/0206196},
 keywords = {Convection, Hydrodynamics, Methods: Numerical, Sun: Interior- Sun: Rotation, Turbulence},
     year = 2002,
    month = may,
   volume = 570,
    pages = {865-885}
}

@ARTICLE{Copeal2020,
       author = {{Cope}, Laura and {Garaud}, P. and {Caulfield}, C.~P.},
        title = "{The dynamics of stratified horizontal shear flows at low P{\'e}clet number}",
      journal = {Journal of Fluid Mechanics},
     keywords = {Physics - Fluid Dynamics, Astrophysics - Solar and Stellar Astrophysics},
         year = 2020,
        month = nov,
       volume = {903},
          eid = {A1},
        pages = {A1},
          doi = {10.1017/jfm.2020.600},
archivePrefix = {arXiv},
       eprint = {1911.09674},
 primaryClass = {physics.flu-dyn},
       adsurl = {https://ui.adsabs.harvard.edu/abs/2020JFM...903A...1C},
      adsnote = {Provided by the SAO/NASA Astrophysics Data System}
}

@ARTICLE{Garaud2020,
       author = {{Garaud}, P.},
        title = "{Horizontal Shear Instabilities at Low Prandtl Number}",
      journal = {apj},
     keywords = {Astrophysical fluid dynamics, Hydrodynamics, Stellar evolution, Stellar physics, Hydrodynamical simulations, Stellar rotation, Solar rotation, Stellar processes, 101, 1963, 1599, 1621, 767, 1629, 1524, 1623, Astrophysics - Solar and Stellar Astrophysics, Physics - Fluid Dynamics},
         year = 2020,
        month = oct,
       volume = {901},
       number = {2},
          eid = {146},
        pages = {146},
          doi = {10.3847/1538-4357/ab9c99},
archivePrefix = {arXiv},
       eprint = {2006.07436},
 primaryClass = {astro-ph.SR},
       adsurl = {https://ui.adsabs.harvard.edu/abs/2020ApJ...901..146G},
      adsnote = {Provided by the SAO/NASA Astrophysics Data System}
}



@book{canuto2007sme,
  title={{Spectral Methods: Evolution to Complex Geometries and Applications to Fluid Dynamics}},
  author={Canuto, C.G. and Hussaini, M.Y. and Quarteroni, A.M. and Zang, T.A.},
  year={2007},
  publisher={Springer}
}

@book{peyret2002smi,
  title={{Spectral Methods for Incompressible Viscous Flow}},
  author={Peyret, R.},
  year={2002},
  publisher={Springer}
}


@ARTICLE{CaleoBalbus2016,
   author = {{Caleo}, A. and {Balbus}, S.~A.},
    title = "{The radiative zone of the Sun and the tachocline: stability of baroclinic patterns of differential rotation}",
  journal = {\mnras},
archivePrefix = "arXiv",
   eprint = {1601.08200},
 primaryClass = "astro-ph.SR",
 keywords = {hydrodynamics, instabilities, Sun: helioseismology, Sun: interior, Sun: rotation, stars: rotation},
     year = 2016,
    month = apr,
   volume = 457,
    pages = {1711-1721},
      doi = {10.1093/mnras/stw098},
   adsurl = {http://adsabs.harvard.edu/abs/2016MNRAS.457.1711C},
  adsnote = {Provided by the SAO/NASA Astrophysics Data System}
}



@ARTICLE{Cattaneo-etal91,
   author = {{Cattaneo}, F. and {Brummell}, N.~H. and {Toomre}, J. and {Malagoli}, A. and 
	{Hurlburt}, N.~E.},
    title = "{Turbulent compressible convection}",
  journal = apj,
 keywords = {COMPRESSIBLE FLOW, FREE CONVECTION, LATE STARS, MAGNETOHYDRODYNAMIC TURBULENCE, STELLAR INTERIORS, STELLAR MOTIONS, ASTRONOMICAL SPECTROSCOPY, STATISTICAL ANALYSIS, STELLAR EVOLUTION, STELLAR MODELS, TRANSPORT PROPERTIES},
     year = 1991,
    month = mar,
   volume = 370,
    pages = {282-294}
}

@ARTICLE{Cantielloal2014,
   author = {{Cantiello}, M. and {Mankovich}, C. and {Bildsten}, L. and {Christensen-Dalsgaard}, J. and 
	{Paxton}, B.},
    title = "{Angular Momentum Transport within Evolved Low-mass Stars}",
  journal = {\apj},
archivePrefix = "arXiv",
   eprint = {1405.1419},
 primaryClass = "astro-ph.SR",
 keywords = {asteroseismology, methods: numerical, stars: evolution, stars: interiors, stars: rotation},
     year = 2014,
    month = jun,
   volume = 788,
      eid = {93},
    pages = {93},
      doi = {10.1088/0004-637X/788/1/93},
   adsurl = {http://adsabs.harvard.edu/abs/2014ApJ...788...93C},
  adsnote = {Provided by the SAO/NASA Astrophysics Data System}
}


@ARTICLE{ChaboyerZahn92,
   author = {{Chaboyer}, B. and {Zahn}, J.-P.},
    title = "{Effect of horizontal turbulent diffusion on transport by meridional circulation}",
  journal = aap,
 keywords = {ABUNDANCE, STELLAR RADIATION, STELLAR ROTATION, STELLAR STRUCTURE, TURBULENT DIFFUSION, ANGULAR MOMENTUM, CHEMICALS, MOMENTUM TRANSFER, PIPE FLOW, STELLAR COMPOSITION},
     year = 1992,
    month = jan,
   volume = 253,
    pages = {173-177}
}

@ARTICLE{Gratton00,
   author = {{Gratton}, R.~G. and {Sneden}, C. and {Carretta}, E. and {Bragaglia}, A.
	},
    title = "{Mixing along the red giant branch in metal-poor field stars}",
  journal = aap,
 keywords = {STARS: HERTZSPRUNG-RUSSEL (HR) AND C-M DIAGRAMS, STARS: EVOLUTION, STARS: POPULATION II, GALAXY: GLOBULAR CLUSTERS: GENERAL},
     year = 2000,
    month = feb,
   volume = 354,
    pages = {169-187}
}

@ARTICLE{ChangGaraud2021,
       author = {{Chang}, Eonho and {Garaud}, Pascale},
        title = "{Modelling coexisting GSF and shear instabilities in rotating stars}",
      journal = {\mnras},
     keywords = {hydrodynamics, instabilities, turbulence, stars: evolution, Astrophysics - Solar and Stellar Astrophysics, Physics - Fluid Dynamics},
         year = 2021,
        month = oct,
       volume = {506},
       number = {4},
        pages = {4914-4932},
          doi = {10.1093/mnras/stab1927},
archivePrefix = {arXiv},
       eprint = {2107.03978},
 primaryClass = {astro-ph.SR},
       adsurl = {https://ui.adsabs.harvard.edu/abs/2021MNRAS.506.4914C},
      adsnote = {Provided by the SAO/NASA Astrophysics Data System}
}


@ARTICLE{CharbonnelZahn07,
   author = {{Charbonnel}, C. and {Zahn}, J.-P.},
    title = "{Thermohaline mixing: a physical mechanism governing the photospheric composition of low-mass giants}",
  journal = aap,
 keywords = {instabilities, stars: abundances, stars: interiors, hydrodynamics},
     year = 2007,
    month = may,
   volume = 467,
    pages = {L15-L18}
}

@ARTICLE{Charbonneaual99,
   author = {{Charbonneau}, P. and {Christensen-Dalsgaard}, J. and {Henning}, R. and 
	{Larsen}, R.~M. and {Schou}, J. and {Thompson}, M.~J. and {Tomczyk}, S.
	},
    title = "{Helioseismic Constraints on the Structure of the Solar Tachocline}",
  journal = apj,
 keywords = {SUN: INTERIOR, SUN: OSCILLATIONS},
     year = 1999,
    month = dec,
   volume = 527,
    pages = {445-460}
    }

@ARTICLE{Charbonneau05,
   author = {{Charbonneau}, P.},
    title = "{Dynamo Models of the Solar Cycle}",
  journal = {Living Reviews in Solar Physics},
 keywords = {Solar cycle, Solar activity, Dynamo, Magnetic fields},
     year = 2005,
    month = jun,
   volume = 2,
    pages = {2-+},
   adsurl = {http://adsabs.harvard.edu/abs/2005LRSP....2....2C},
  adsnote = {Provided by the SAO/NASA Astrophysics Data System}
}

@ARTICLE{CharbonneauMacGregor93,
   author = {{Charbonneau}, P. and {MacGregor}, K.~B.},
    title = "{Angular momentum transport in magnetized stellar radiative zones. II. The solar spin-down}",
  journal = apj,
 keywords = {MAGNETOHYDRODYNAMICS: MHD, STARS: INTERIORS, STARS: MAGNETIC FIELDS, STARS: ROTATION, SUN: INTERIOR},
     year = 1993,
    month = nov,
   volume = 417,
    pages = {762},
      doi = {10.1086/173357},
   adsurl = {http://adsabs.harvard.edu/abs/1993ApJ...417..762C},
  adsnote = {Provided by the SAO/NASA Astrophysics Data System}
}

@ARTICLE{CharbonelTalon05,
   author = {{Charbonnel}, C. and {Talon}, S.},
    title = "{Influence of Gravity Waves on the Internal Rotation and Li Abundance of Solar-Type Stars}",
  journal = {Science},
   eprint = {astro-ph/0511265},
     year = 2005,
    month = sep,
   volume = 309,
    pages = {2189-2191},
      doi = {10.1126/science.1116849},
   adsurl = {http://adsabs.harvard.edu/abs/2005Sci...309.2189C},
  adsnote = {Provided by the SAO/NASA Astrophysics Data System}
}

@ARTICLE{Charbonneaual99,
   author = {{Charbonneau}, P. and {Christensen-Dalsgaard}, J. and {Henning}, R. and 
	{Larsen}, R.~M. and {Schou}, J. and {Thompson}, M.~J. and {Tomczyk}, S.
	},
    title = "{Helioseismic Constraints on the Structure of the Solar Tachocline}",
  journal = apj,
 keywords = {SUN: INTERIOR, SUN: OSCILLATIONS},
     year = 1999,
    month = dec,
   volume = 527,
    pages = {445-460},
      doi = {10.1086/308050},
   adsurl = {http://adsabs.harvard.edu/abs/1999ApJ...527..445C},
  adsnote = {Provided by the SAO/NASA Astrophysics Data System}
}

@ARTICLE{Charbonneau05,
   author = {{Charbonneau}, P.},
    title = "{Dynamo Models of the Solar Cycle}",
  journal = {Living Reviews in Solar Physics},
 keywords = {Solar cycle, Solar activity, Dynamo, Magnetic fields},
     year = 2005,
    month = jun,
   volume = 2,
    pages = {2-+},
   adsurl = {http://adsabs.harvard.edu/abs/2005LRSP....2....2C},
  adsnote = {Provided by the SAO/NASA Astrophysics Data System}
}

@ARTICLE{CharbonneauMacGregor93,
   author = {{Charbonneau}, P. and {MacGregor}, K.~B.},
    title = "{Angular momentum transport in magnetized stellar radiative zones. II. The solar spin-down}",
  journal = apj,
 keywords = {MAGNETOHYDRODYNAMICS: MHD, STARS: INTERIORS, STARS: MAGNETIC FIELDS, STARS: ROTATION, SUN: INTERIOR},
     year = 1993,
    month = nov,
   volume = 417,
    pages = {762},
      doi = {10.1086/173357},
   adsurl = {http://adsabs.harvard.edu/abs/1993ApJ...417..762C},
  adsnote = {Provided by the SAO/NASA Astrophysics Data System}
}

@ARTICLE{CharbonnelTalon05,
   author = {{Charbonnel}, C. and {Talon}, S.},
    title = "{Influence of gravity waves on the internal rotation and Li abundance of solar-type stars}",
    year = 2005,
    month = sep,
   volume = 309,
    pages = {2189-2191},
      doi = {10.1126/science.1116849},
   adsurl = {http://adsabs.harvard.edu/abs/2005Sci...309.2189C},
  adsnote = {Provided by the SAO/NASA Astrophysics Data System}
}

@ARTICLE{Christensen-etal01,
   author = {{Christensen}, U.~R. et al.},
    title = "{A numerical dynamo benchmark}",
  journal = {Physics of the Earth and Planetary Interiors},
     year = 2001,
    month = dec,
   volume = 128,
    pages = {25-34},
      doi = {10.1016/S0031-9201(01)00275-8},
   adsurl = {http://adsabs.harvard.edu/abs/2001PEPI..128...25C},
  adsnote = {Provided by the SAO/NASA Astrophysics Data System}
}

@ARTICLE{Clark73,
   author = {{Clark}, A.},
    title = "{The linear spin-up of a strongly stratified fluid of small Prandtl number}",
  journal = jfm,
     year = 1973,
   volume = 60,
    pages = {561-580},
      doi = {10.1017/S0022112073000340},
   adsurl = {http://adsabs.harvard.edu/abs/1973JFM....60..561C},
  adsnote = {Provided by the SAO/NASA Astrophysics Data System}
}

@ARTICLE{Clark75,
   author = {{Clark}, A.},
    title = "{Time scales in stellar spin-down}",
  journal = {M{\'e}moires Soci{\'e}t{\'e} Royale des Sciences de Li{\`e}ge},
 keywords = {ROTATION, THEORY},
     year = 1975,
   volume = 8,
    pages = {43-46},
   adsurl = {http://adsabs.harvard.edu/abs/1975MSRSL...8...43C},
  adsnote = {Provided by the SAO/NASA Astrophysics Data System}
}

@ARTICLE{ChungMatheou12,
   author = {{Chung}, D. and {Matheou}, G.},
    title = "{Direct numerical simulation of stationary homogeneous stratified sheared turbulence}",
  journal = jfm,
     year = 2012,
    month = apr,
   volume = 696,
    pages = {434-467}
}

@BOOK{Chandrasekhar61,
   author = {{Chandrasekhar}, S.},
    title = "{Hydrodynamic and hydromagnetic stability}",
booktitle = {International Series of Monographs on Physics, Oxford: Clarendon, 1961},
     year = 1961,
     publisher = "{Oxford Clarendon Press}"
}

@ARTICLE{Callyal2003,
       author = {{Cally}, Paul S. and {Dikpati}, Mausumi and {Gilman}, Peter A.},
        title = "{Clamshell and Tipping Instabilities in a Two-dimensional Magnetohydrodynamic Tachocline}",
      journal = {\apj},
     keywords = {Instabilities, Magnetohydrodynamics: MHD, Sun: Activity, Sun: Magnetic Fields},
         year = 2003,
        month = jan,
       volume = {582},
       number = {2},
        pages = {1190-1205},
          doi = {10.1086/344746},
       adsurl = {https://ui.adsabs.harvard.edu/abs/2003ApJ...582.1190C},
      adsnote = {Provided by the SAO/NASA Astrophysics Data System}
}

@ARTICLE{Chinial2022,
       author = {{Chini}, Gregory P. and {Michel}, Guillaume and {Julien}, Keith and {Rocha}, Cesar B. and {Caulfield}, Colm-cille P.},
        title = "{Exploiting self-organized criticality in strongly stratified turbulence}",
      journal = {Journal of Fluid Mechanics},
     keywords = {Physics - Fluid Dynamics},
         year = 2022,
        month = feb,
       volume = {933},
          eid = {A22},
        pages = {A22},
          doi = {10.1017/jfm.2021.1060},
archivePrefix = {arXiv},
       eprint = {2111.08806},
 primaryClass = {physics.flu-dyn},
       adsurl = {https://ui.adsabs.harvard.edu/abs/2022JFM...933A..22C},
      adsnote = {Provided by the SAO/NASA Astrophysics Data System}
}

@ARTICLE{Brethouweral2007,
       author = {{Brethouwer}, G. and {Billant}, P. and {Lindborg}, E. and {Chomaz}, J. -M.},
        title = "{Scaling analysis and simulation of strongly stratified turbulent flows}",
      journal = {Journal of Fluid Mechanics},
         year = 2007,
        month = aug,
       volume = {585},
        pages = {343},
          doi = {10.1017/S0022112007006854},
       adsurl = {https://ui.adsabs.harvard.edu/abs/2007JFM...585..343B},
      adsnote = {Provided by the SAO/NASA Astrophysics Data System}
}


@ARTICLE{Kitchatinov2014,
       author = {{Kitchatinov}, L.~L.},
        title = "{Baroclinic Instability in Stellar Radiation Zones}",
      journal = {\apj},
     keywords = {dynamo, hydrodynamics, instabilities, stars: rotation, Astrophysics - Solar and Stellar Astrophysics},
         year = 2014,
        month = mar,
       volume = {784},
       number = {1},
          eid = {81},
        pages = {81},
          doi = {10.1088/0004-637X/784/1/81},
archivePrefix = {arXiv},
       eprint = {1401.8068},
 primaryClass = {astro-ph.SR},
       adsurl = {https://ui.adsabs.harvard.edu/abs/2014ApJ...784...81K},
      adsnote = {Provided by the SAO/NASA Astrophysics Data System}
}




@ARTICLE{Barkeral19,
       author = {{Barker}, A.~J. and {Jones}, C.~A. and {Tobias}, S.~M.},
        title = "{Angular momentum transport by the GSF instability: non-linear simulations at the equator}",
      journal = {\mnras},
     keywords = {hydrodynamics, instabilities, waves, Sun: rotation, stars: rotation, Astrophysics - Solar and Stellar Astrophysics, Astrophysics - Earth and Planetary Astrophysics, Physics - Fluid Dynamics},
         year = 2019,
        month = aug,
       volume = {487},
       number = {2},
        pages = {1777-1794},
          doi = {10.1093/mnras/stz1386},
archivePrefix = {arXiv},
       eprint = {1905.06962},
 primaryClass = {astro-ph.SR},
       adsurl = {https://ui.adsabs.harvard.edu/abs/2019MNRAS.487.1777B},
      adsnote = {Provided by the SAO/NASA Astrophysics Data System}
}



@ARTICLE{WheelerKagan2015,
       author = {{Wheeler}, J. Craig and {Kagan}, Daniel and {Chatzopoulos}, Emmanouil},
        title = "{The Role of the Magnetorotational Instability in Massive Stars}",
      journal = {\apj},
     keywords = {instabilities, magnetohydrodynamics: MHD, stars: magnetic fields, stars: neutron, stars: rotation, supernovae: general, Astrophysics - Solar and Stellar Astrophysics},
         year = 2015,
        month = jan,
       volume = {799},
       number = {1},
          eid = {85},
        pages = {85},
          doi = {10.1088/0004-637X/799/1/85},
archivePrefix = {arXiv},
       eprint = {1411.5714},
 primaryClass = {astro-ph.SR},
       adsurl = {https://ui.adsabs.harvard.edu/abs/2015ApJ...799...85W},
      adsnote = {Provided by the SAO/NASA Astrophysics Data System}
}

@INPROCEEDINGS{JCDSchou88,
   author = {{Christensen-Dalsgaard}, J. and {Schou}, J.},
    title = "{Differential rotation in the solar interior}",
 keywords = {ANGULAR VELOCITY, SOLAR ATMOSPHERE, SOLAR INTERIOR, SOLAR ROTATION, DEPTH, LATITUDE, NUMERICAL ANALYSIS, SOLAR OBSERVATORIES},
booktitle = {Seismology of the Sun and Sun-Like Stars},
     year = 1988,
   series = {ESA Special Publication},
   volume = 286,
   editor = "{E.~J.~Rolfe}",
    month = dec,
    pages = {149-153}
}

@ARTICLE{Cowling62,
   author = {{Cowling}, T.~G.},
    title = "{Magnetohydrodynamics}",
  journal = rpp,
     year = 1962,
    month = jan,
   volume = 25,
    pages = {244-286}
}

@ARTICLE{Denissenkov-etal08,
   author = {{Denissenkov}, P.~A. and {Pinsonneault}, M. and {MacGregor}, K.~B.
	},
    title = "{What Prevents Internal Gravity Waves from Disturbing the Solar Uniform Rotation?}",
  journal = apj,
archivePrefix = "arXiv",
   eprint = {0801.3622},
 keywords = {Stars: Interiors, Sun: Rotation, Waves},
     year = 2008,
    month = sep,
   volume = 684,
    pages = {757-769}
}

@ARTICLE{Deheuvelsetal12,
   author = {{Deheuvels}, S. and {Garc{\'{\i}}a}, R.~A. and {Chaplin}, W.~J. and 
	{Basu}, S. and {Antia}, H.~M. and {Appourchaux}, T. and {Benomar}, O. and 
	{Davies}, G.~R. and {Elsworth}, Y. and {Gizon}, L. and {Goupil}, M.~J. and 
	{Reese}, D.~R. and {Regulo}, C. and {Schou}, J. and {Stahn}, T. and 
	{Casagrande}, L. and {Christensen-Dalsgaard}, J. and {Fischer}, D. and 
	{Hekker}, S. and {Kjeldsen}, H. and {Mathur}, S. and {Mosser}, B. and 
	{Pinsonneault}, M. and {Valenti}, J. and {Christiansen}, J.~L. and 
	{Kinemuchi}, K. and {Mullally}, F.},
    title = "{Seismic Evidence for a Rapidly Rotating Core in a Lower-giant-branch Star Observed with Kepler}",
  journal = {\apj},
archivePrefix = "arXiv",
   eprint = {1206.3312},
 primaryClass = "astro-ph.SR",
 keywords = {stars: evolution, stars: individual: KIC 7341231, stars: interiors, stars: oscillations},
     year = 2012,
    month = sep,
   volume = 756,
      eid = {19},
    pages = {19},
      doi = {10.1088/0004-637X/756/1/19},
   adsurl = {http://adsabs.harvard.edu/abs/2012ApJ...756...19D},
  adsnote = {Provided by the SAO/NASA Astrophysics Data System}
}

@ARTICLE{Deheuvelsetal14,
   author = {{Deheuvels}, S. and {Do{\u g}an}, G. and {Goupil}, M.~J. and 
	{Appourchaux}, T. and {Benomar}, O. and {Bruntt}, H. and {Campante}, T.~L. and 
	{Casagrande}, L. and {Ceillier}, T. and {Davies}, G.~R. and 
	{De Cat}, P. and {Fu}, J.~N. and {Garc{\'{\i}}a}, R.~A. and 
	{Lobel}, A. and {Mosser}, B. and {Reese}, D.~R. and {Regulo}, C. and 
	{Schou}, J. and {Stahn}, T. and {Thygesen}, A.~O. and {Yang}, X.~H. and 
	{Chaplin}, W.~J. and {Christensen-Dalsgaard}, J. and {Eggenberger}, P. and 
	{Gizon}, L. and {Mathis}, S. and {Molenda-{\.Z}akowicz}, J. and 
	{Pinsonneault}, M.},
    title = "{Seismic constraints on the radial dependence of the internal rotation profiles of six Kepler subgiants and young red giants}",
  journal = aap,
archivePrefix = "arXiv",
   eprint = {1401.3096},
 primaryClass = "astro-ph.SR",
 keywords = {asteroseismology, stars: rotation, stars: interiors, stars: evolution},
     year = 2014,
    month = apr,
   volume = 564,
      eid = {A27},
    pages = {A27}
}


@ARTICLE{Dickinson68,
   author = {{Dickinson}, R.~E.},
    title = "{On the Excitation and Propagation of Zonal Winds in an Atmosphere with Newtonian Cooling.}",
  journal = jats,
     year = 1968,
    month = mar,
   volume = 25,
    pages = {269-279}
}

@ARTICLE{Doering2000,
   author = {{Doering}, C.R and {Spiegel}, E.A. and {Worthing}, R.A.},
    title = "{Energy dissipation in a shear layer with suction}",
  journal = {Phys. Fluids},
     year = 2000,
   volume = 12,
}


@ARTICLE{DonatiLandstreet2009,
       author = {{Donati}, J. -F. and {Landstreet}, J.~D.},
        title = "{Magnetic Fields of Nondegenerate Stars}",
      journal = {ARAA},
     keywords = {Astrophysics - Solar and Stellar Astrophysics, Astrophysics - Instrumentation and Methods for Astrophysics},
         year = 2009,
        month = sep,
       volume = {47},
       number = {1},
        pages = {333-370},
          doi = {10.1146/annurev-astro-082708-101833},
archivePrefix = {arXiv},
       eprint = {0904.1938},
 primaryClass = {astro-ph.SR},
       adsurl = {https://ui.adsabs.harvard.edu/abs/2009ARA&A..47..333D},
      adsnote = {Provided by the SAO/NASA Astrophysics Data System}
}


@ARTICLE{Dormy-etal98,
   author = {{Dormy}, E. and {Cardin}, P. and {Jault}, D.},
    title = "{MHD flow in a slightly differentially rotating spherical shell, with conducting inner core, in a dipolar magnetic field}",
  journal = epsl,
     year = 1998,
    month = jul,
   volume = 160,
    pages = {15-30}
}

@article {Lilly1983,
      author = "D. K.  Lilly",
      title = "Stratified Turbulence and the Mesoscale Variability of the Atmosphere",
      journal = "Journal of Atmospheric Sciences",
      year = "1983",
      publisher = "American Meteorological Society",
      address = "Boston MA, USA",
      volume = "40",
      number = "3",
      doi = "10.1175/1520-0469(1983)040<0749:STATMV>2.0.CO;2",
      pages=      "749 - 761",
      url = "https://journals.ametsoc.org/view/journals/atsc/40/3/1520-0469_1983_040_0749_statmv_2_0_co_2.xml"
}

@article{Munk1966,
title = {Abyssal recipes},
journal = {Deep Sea Research and Oceanographic Abstracts},
volume = {13},
number = {4},
pages = {707-730},
year = {1966},
issn = {0011-7471},
doi = {https://doi.org/10.1016/0011-7471(66)90602-4},
url = {https://www.sciencedirect.com/science/article/pii/0011747166906024},
author = {Walter H. Munk},
abstract = {Vertical distributions in the interior Pacific (excluding the top and bottom kilometer) are not inconsistent with a simple model involving a constant upward vertical velocity w ≈ 1·2 cm day−1 and eddy diffusivity к ≈ 1·3 cm2sec−1. Thus temperature and salinity can be fitted by exponential-like solutions [к · d2/dz2 − w · d/dz] T,S = 0, with к/w ≈ 1 km the appropriate “scale height.” For Carbon 14 a decay term must be included, [ ] 14C = μ 14C; a fitting of the solution to the observed 14C distribution yields (ifк/щ2≈ 200 years for then appropriate “scale time,” and permits ω and к to be separately determined. Using the foregoing values, the upward flux of Radium in deep water is found to be roughly 1·5 × 10−1 g cm−1 sec−1, as compared to 3 × 10−21 g cm−2 sec sedimentary measurements by Goldberg and Koide (1963). Oxygen consumption is computed at 0·004 (ml/l) year−1. The vertical distributions of T,S, 14C and O2 are consistent with the corresponding south-north gradients in the deep Pacific, provided there is an average northward drift of at leat a few millimetres per second. How can one meaningfully interpret the inferred rates of upwelling and diffusion? The annual freezing of 2·1 × 1019 g of Antarctic pack ice is associated with bottom water formation in the ration 43 : 1, yielding and estimated 4 × 1020g year−1 of Pacific bottom water ω = 1·2 cm day−1 implies 6 × 1020g year−1. I have attemped, wiothout much success, to interpret к froma variety of viewpoints: from mixing along the ocean boundaries, from thermodynamic and biological processes, and from internal tides. Following the work of Cox and Sandstrom (1962), it is found that surface tides are scattered by the irregular bottom into modes with an associated energy flux of 4 × 10−6 ergs g−1 (one sixth total tidal dissipation). Such modes can produce shear instability in the Richardson sence. It is found that internal tides provides a marginal but not impossible mechanism for turbulent diffusion in the interior oceans.}
}

@article{BillantChomaz2001,
    author = {Billant, Paul and Chomaz, Jean-Marc},
    title = "{Self-similarity of strongly stratified inviscid flows}",
    journal = {Physics of Fluids},
    volume = {13},
    number = {6},
    pages = {1645-1651},
    year = {2001},
    month = {06},
    abstract = "{It is well-known that strongly stratified flows are organized into a layered pancake structure in which motions are mostly horizontal but highly variable in the vertical direction. However, what determines the vertical scale of the motion remains an open question. In this paper, we propose a scaling law for this vertical scale Lv when no vertical lengthscales are imposed by initial or boundary conditions and when the fluid is strongly stratified, i.e., when the horizontal Froude number is small: Fh=U/NLh≪1, where U is the magnitude of the horizontal velocity, N the Brunt–Väisälä frequency and Lh the horizontal lengthscale. Specifically, we show that the vertical scale of the motion is Lv=U/N by demonstrating that the inviscid governing equations in the limit Fh→0, without any a priori assumption on the magnitude of Lv, are self-similar with respect to the variable zN/U, where z is the vertical coordinate. This self-similarity fully accounts for the layer characteristics observed in recent studies reporting spontaneous layering from an initially vertically uniform flow. For such a fine vertical scale, vertical gradients are large, O(1/FhLh). Therefore, even if the magnitude of the vertical velocity is small and scales like FhU, the leading order governing equations of these strongly stratified flows are not two-dimensional in contradiction with a previous conjecture. The self-similarity further suggests that the vertical spectrum of horizontal kinetic energy of pancake turbulence should be of the form E(kz)∝N2kz−3, giving an alternative explanation for the observed vertical spectra in the atmosphere and oceans.}",
    issn = {1070-6631},
    doi = {10.1063/1.1369125},
    url = {https://doi.org/10.1063/1.1369125},
    eprint = {https://pubs.aip.org/aip/pof/article-pdf/13/6/1645/19135376/1645\_1\_online.pdf},
}

@article{BillantChomaz2000, 
    title={Three-dimensional stability of a vertical columnar vortex pair in a stratified fluid}, 
    volume={419},
    DOI={10.1017/S0022112000001178}, 
    journal={Journal of Fluid Mechanics}, 
    author={Billant, P. and Chomaz, J.-M.}, 
    year={2000},
    pages={65–91}
}

@article{Praudal2006,
title={Decaying grid turbulence in a rotating stratified fluid},
volume={547},
DOI={10.1017/S0022112005007068},
journal={Journal of Fluid Mechanics},
author={Praud, O. and Sommeria, J. and Fincham, A. M.},
year={2006},
pages={389–412}
}

@article{Parkal1994,
author = {Park, Young-Gyu and Whitehead , J. and Gnanadesikan, Anand},
year = {1994},
month = {11},
pages = {279 - 311},
title = {Turbulent mixing in stratified fluids: layer formation and energetics},
volume = {279},
journal = {Journal of Fluid Mechanics},
doi = {10.1017/S0022112094003915}
}

@article{Aubertal2012,
title={The universal aspect ratio of vortices in rotating stratified flows: experiments and observations},
volume={706},
DOI={10.1017/jfm.2012.176},
journal={Journal of Fluid Mechanics},
author={Aubert, Oriane and Le Bars, Michael and Le Gal, Patrice and Marcus, Philip S.},
year={2012},
pages={34–45}
}

@article{MaffioliDavidson2016,
title={Dynamics of stratified turbulence decaying from a high buoyancy Reynolds number}, 
volume={786},
DOI={10.1017/jfm.2015.667},
journal={Journal of Fluid Mechanics},
author={Maffioli, A. and Davidson, P. A.},
year={2016},
pages={210–233}
}


@BOOK{DrazinReid,
   author = {{Drazin}, P.~G. and {Reid}, W.~H.},
    title = "{Hydrodynamic Stability}",
booktitle = {Hydrodynamic Stability, by P.~G.~Drazin and W.~H.~Reid, pp.~626.~ISBN 0521525411.},
     year = 2004,
    month = sep,
    publisher = "{Cambridge University Press}"
}

@ARTICLE{DrobyshevskiYuferev74,
   author = {{Drobyshevski}, E.~M. and {Yuferev}, V.~S.},
    title = "{Topological pumping of magnetic flux by three-dimensional convection}",
  journal = jfm,
     year = 1974,
   volume = 65,
    pages = {33-44}
}

@ARTICLE{Dudis1974,
   author = {{Dudis}, J.~J.},
    title = "{The stability of a thermally radiating stratified shear layer, including self-absorption}",
  journal = jfm,
     year = 1974,
   volume = 64,
    pages = {65-83}
}

@ARTICLE{Eggenberger-etal05,
   author = {{Eggenberger}, P. and {Maeder}, A. and {Meynet}, G.},
    title = "{Stellar evolution with rotation and magnetic fields. IV. The solar rotation profile}",
  journal = aap,
   eprint = {arXiv:astro-ph/0508455},
 keywords = {stars: rotation, stars: magnetic fields, stars: evolution},
     year = 2005,
    month = sep,
   volume = 440,
    pages = {L9-L12}
}

@ARTICLE{Eggenbergeral2008,
   author = {{Eggenberger}, P. and {Meynet}, G. and {Maeder}, A. and {Hirschi}, R. and 
	{Charbonnel}, C. and {Talon}, S. and {Ekstr{\"o}m}, S.},
    title = "{The Geneva stellar evolution code}",
  journal = {\apss},
 keywords = {Stars: evolution},
     year = 2008,
    month = aug,
   volume = 316,
    pages = {43-54},
      doi = {10.1007/s10509-007-9511-y},
   adsurl = {http://adsabs.harvard.edu/abs/2008Ap%26SS.316...43E},
  adsnote = {Provided by the SAO/NASA Astrophysics Data System}
}


@ARTICLE{Eliassen51,
   author = {{Eliassen}, A.},
    title = "{Slow thermally or frictionally controlled meridional criculation in a circular vortex}",
  journal = {Astrophys.~Norv.},
 keywords = {SUN: INTERIOR, ROTATION, OSCILLATIONS},
     year = 1951,
   volume = 5,
    pages = {19-60},
}

@ARTICLE{Elliott97,
   author = {{Elliott}, J.~R.},
    title = "{Aspects of the solar tachocline}",
  journal = aap,
 keywords = {SUN: INTERIOR, ROTATION, OSCILLATIONS},
     year = 1997,
    month = nov,
   volume = 327,
    pages = {1222-1229}
}

@ARTICLE{ElliottGough99,
   author = {{Elliott}, J.~R. and {Gough}, D.~O.},
    title = "{Calibration of the thickness of the solar tachocline}",
  journal = apj,
 keywords = {SUN: INTERIOR, SUN: OSCILLATIONS},
     year = 1999,
    month = may,
   volume = 516,
    pages = {475-481}
}

@ARTICLE{EndalSofia76,
   author = {{Endal}, A.~S. and {Sofia}, S.},
    title = "{The evolution of rotating stars. I - Method and exploratory calculations for a 7-solar-mass star}",
  journal = apj,
 keywords = {ANGULAR MOMENTUM, MAIN SEQUENCE STARS, MOMENTUM TRANSFER, STELLAR EVOLUTION, STELLAR MODELS, STELLAR ROTATION, ANGULAR DISTRIBUTION, APPROXIMATION, HERTZSPRUNG-RUSSELL DIAGRAM, MASS DISTRIBUTION, STELLAR MASS, STELLAR STRUCTURE, VELOCITY DISTRIBUTION},
     year = 1976,
    month = nov,
   volume = 210,
    pages = {184-198}
}

@ARTICLE{EndalSofia78,
   author = {{Endal}, A.~S. and {Sofia}, S.},
    title = "{The evolution of rotating stars. II - Calculations with time-dependent redistribution of angular momentum for 7- and 10-solar-mass stars}",
  journal = {\apj},
 keywords = {Angular Momentum, Chemical Composition, Momentum Transfer, Stellar Evolution, Stellar Rotation, Time Dependence, Angular Velocity, Carbon, Convection, Eddington Approximation, Gravitational Collapse, Main Sequence Stars, Radial Velocity, Secular Variations, Stellar Models, Thermal Instability},
     year = 1978,
    month = feb,
   volume = 220,
    pages = {279-290},
      doi = {10.1086/155904},
   adsurl = {http://adsabs.harvard.edu/abs/1978ApJ...220..279E},
  adsnote = {Provided by the SAO/NASA Astrophysics Data System}
}


@ARTICLE{Ferraro37,
   author = {{Ferraro}, V.~C.~A.},
    title = "{The non-uniform rotation of the Sun and its magnetic field}",
  journal = mnras,
     year = 1937,
    month = apr,
   volume = 97,
    pages = {458-472}
}

@ARTICLE{Spruit1999,
       author = {{Spruit}, H.~C.},
        title = "{Differential rotation and magnetic fields in stellar interiors}",
      journal = {\aap},
     keywords = {INSTABILITIES, MAGNETOHYDRODYNAMICS (MHD), STARS: MAGNETIC FIELDS, STARS: ROTATION, SUN: ROTATION, Astrophysics},
         year = 1999,
        month = sep,
       volume = {349},
        pages = {189-202},
archivePrefix = {arXiv},
       eprint = {astro-ph/9907138},
 primaryClass = {astro-ph},
       adsurl = {https://ui.adsabs.harvard.edu/abs/1999A&A...349..189S},
      adsnote = {Provided by the SAO/NASA Astrophysics Data System}
}

@ARTICLE{FriedlanderHoward98,
   author = {{Friedlander}, S. and {Howard}, L.},
    title = "{Instability in parallel flows revisited}",
  journal = "{Stud. Appl. Math.}",
     year = 1998,
   volume = 101,
    pages = {1-28}
}

@ARTICLE{Fricke1968,
   author = {{Fricke}, K.},
    title = "{Instabilit{\"a}t station{\"a}rer Rotation in Sternen}",
  journal = {\zap},
     year = 1968,
   volume = 68,
    pages = {317},
   adsurl = {http://adsabs.harvard.edu/abs/1968ZA.....68..317F},
  adsnote = {Provided by the SAO/NASA Astrophysics Data System}
}


@ARTICLE{Garaud02,
   author = {{Garaud}, P.},
    title = "{Dynamics of the solar tachocline --- I. An incompressible study}",
  journal = mnras,
   eprint = {arXiv:astro-ph/0108276},
 keywords = {MAGNETIC FIELDS, MHD, SUN: INTERIOR, SUN: MAGNETIC FIELDS, SUN: ROTATION},
     year = 2002,
    month = jan,
   volume = 329,
    pages = {1-17}
}

@INCOLLECTION{Garaud03,
   author = {{Garaud}, P.},
    title = "{Dynamics of the solar tachocline}",
 keywords = {Solar Tachocline},
booktitle = {Stellar astrophysical fluid dynamics},
publisher = up,
address = {Cambridge},
     year = 2003,
   editor = "{Thompson, M.~J.~\& Christensen-Dalsgaard, J.}",
    pages = {131-142}
}

@ARTICLE{GaraudOgilvie2005,
   author = {{Garaud}, P. and {Ogilvie}, G.~I.},
    title = "{A model for the nonlinear dynamics of turbulent shear flows}",
  journal = {Journal of Fluid Mechanics},
   eprint = {astro-ph/0503223},
     year = 2005,
    month = may,
   volume = 530,
    pages = {145-176},
      doi = {10.1017/S002211200500368X},
   adsurl = {http://adsabs.harvard.edu/abs/2005JFM...530..145G},
  adsnote = {Provided by the SAO/NASA Astrophysics Data System}
}


@INPROCEEDINGS{Garaud07,
   author = {{Garaud}, P.},
    title = "{Magnetic confinement of the solar tachocline}",
booktitle = {The Solar Tachocline},
     year = 2007,
   editor = "{D.~W.~Hughes, R.~Rosner, \& N.~O.~Weiss}",
    pages = {147}
}

@INPROCEEDINGS{GaraudRogers07,
   author = {{Garaud}, P. and {Rogers}, T.},
    title = "{Solar rotation}",
 keywords = {Stellar rotation, Solar interior, Helioseismology, pulsations, and shock waves, Thermodynamic processes, conduction, convection, equations of state},
booktitle = {Unsolved Problems in Stellar Physics: A Conference in Honor of Douglas Gough},
     year = 2007,
   series = {American Institute of Physics Conference Series},
   volume = 948,
   editor = "{R.~J.~Stancliffe, J.~Dewi, G.~Houdek, R.~G.~Martin, \& C.~A.~Tout}",
    month = nov,
    pages = {237-248}
}

@ARTICLE{GaraudGaraud08,
   author = {{Garaud}, P. and {Garaud}, {J.-D.}},
    title = "{Dynamics of the solar tachocline --- II. The stratified case}",
  journal = mnras,
archivePrefix = "arXiv",
   eprint = {0806.2551},
 keywords = {MHD , Sun: interior , Sun: magnetic fields , Sun: rotation},
     year = 2008,
    month = dec,
   volume = 391,
    pages = {1239-1258}
}

@ARTICLE{GaraudBrummell08,
   author = {{Garaud}, P. and {Brummell}, N.~H.},
    title = "{On the penetration of meridional circulation below the solar convection zone}",
  journal = apj,
archivePrefix = "arXiv",
   eprint = {0708.0258},
 keywords = {Hydrodynamics, Methods: Analytical, Methods: Numerical, Sun: Interior},
     year = 2008,
    month = feb,
   volume = 674,
    pages = {498-510}
}

@ARTICLE{GaraudAA09,
   author = {{Garaud}, P. and {Acevedo-Arreguin}, L.~A.},
    title = "{On the penetration of meridional circulation below the solar convection zone. II. Models with convection zone, the Taylor--Proudman constraint, and applications to other stars}",
  journal = apj,
archivePrefix = "arXiv",
   eprint = {0906.1756},
 keywords = {hydrodynamics, methods: analytical, methods: numerical, Sun: interior},
     year = 2009,
    month = oct,
   volume = 704,
    pages = {1-16}
}

@ARTICLE{GaraudBodenheimer10,
   author = {{Garaud}, P. and {Bodenheimer}, P.},
    title = "{Gyroscopic Pumping of Large-scale Flows in Stellar Interiors and Application to Lithium-dip Stars}",
  journal = apj,
archivePrefix = "arXiv",
   eprint = {1005.1618},
 primaryClass = "astro-ph.SR",
 keywords = {hydrodynamics, methods: analytical, methods: numerical, stars: abundances, stars: interiors, stars: rotation },
     year = 2010,
    month = aug,
   volume = 719,
    pages = {313-334}
}

@ARTICLE{Garaudal2010,
   author = {{Garaud}, P. and {Ogilvie}, G.~I. and {Miller}, N. and {Stellmach}, S.
	},
    title = "{A model of the entropy flux and Reynolds stress in turbulent convection}",
  journal = {\mnras},
archivePrefix = "arXiv",
   eprint = {1004.3239},
 primaryClass = "astro-ph.SR",
 keywords = {convection, hydrodynamics, turbulence, stars: rotation},
     year = 2010,
    month = oct,
   volume = 407,
    pages = {2451-2467},
      doi = {10.1111/j.1365-2966.2010.17066.x},
   adsurl = {http://adsabs.harvard.edu/abs/2010MNRAS.407.2451G},
  adsnote = {Provided by the SAO/NASA Astrophysics Data System}
}


@ARTICLE{GaraudKulen16,
   author = {{Garaud}, P. and {Kulenthirarajah}, L.},
    title = "{Turbulent Transport in a Strongly Stratified Forced Shear Layer with Thermal Diffusion}",
  journal = {\apj},
archivePrefix = "arXiv",
   eprint = {1512.08774},
 primaryClass = "astro-ph.SR",
 keywords = {hydrodynamics, instabilities, stars: massive, turbulence},
     year = 2016,
    month = apr,
   volume = 821,
      eid = {49},
    pages = {49},
      doi = {10.3847/0004-637X/821/1/49},
   adsurl = {http://adsabs.harvard.edu/abs/2016ApJ...821...49G},
  adsnote = {Provided by the SAO/NASA Astrophysics Data System}
}


@ARTICLE{Garaud11,
   author = {{Garaud}, P.},
    title = "{What Happened to the Other Mohicans? The Case for a Primordial Origin to the Planet-Metallicity Connection}",
  journal = apjl,
 keywords = {hydrodynamics, instabilities, planets and satellites: formation, stars: abundances, turbulence},
     year = 2011,
    month = feb,
   volume = 728,
      eid = {L30},
    pages = {L30}
}


@ARTICLE{Gilman77,
   author = {{Gilman}, P.~A.},
    title = "{Nonlinear dynamics of Boussinesq convection in a deep rotating spherical shell. I}",
  journal = gafd,
 keywords = {CONVECTION, ROTATION, THEORY},
     year = 1977,
   volume = 8,
    pages = {93-135}
}

@ARTICLE{GilmanMiesch04,
   author = {{Gilman}, P.~A. and {Miesch}, M.~S.},
    title = "{Limits to penetration of meridional circulation below the solar convection zone}",
  journal = apj,
 keywords = {Hydrodynamics, Stars: Interiors, Stars: Rotation, Sun: Interior, Sun: Rotation},
     year = 2004,
    month = aug,
   volume = 611,
    pages = {568-574}
}

@ARTICLE{Gizonal10,
   author = {{Gizon}, L. and {Birch}, A.~C. and {Spruit}, H.~C.},
    title = "{Local Helioseismology: Three-Dimensional Imaging of the Solar Interior}",
  journal = araa,
archivePrefix = "arXiv",
   eprint = {1001.0930},
 primaryClass = "astro-ph.SR",
     year = 2010,
    month = sep,
   volume = 48,
    pages = {289-338}
}

@ARTICLE{Gotoh83,
   author = {{Gotoh}, K. and {Yamada}, M. and {Mizushima}, J.},
    title = "{The theory of stability of spatially periodic parallel flows}",
  journal = jfm,
 keywords = {Flow Stability, Flow Theory, Parallel Flow, Asymptotes, Computational Fluid Dynamics, Eigenvalues, Reynolds Number, Velocity Distribution},
     year = 1983,
    month = feb,
   volume = 127,
    pages = {45-58}
}


@ARTICLE{Gough00,
   author = {{Gough}, D.},
    title = "{News from the Solar Interior}",
  journal = sci,
 keywords = {GONG DATA, GONG PUBLICATION},
     year = 2000,
    month = mar,
   volume = 287,
    pages = {2434-2435}
}

@ARTICLE{GoughMcIntyre98,
   author = {{Gough}, D.~O. and {McIntyre}, M.~E.},
    title = "{Inevitability of a magnetic field in the Sun's radiative interior}",
  journal = nat,
     year = 1998,
    month = aug,
   volume = 394,
    pages = {755-757}
}

@INPROCEEDINGS{Gough07,
   author = {{Gough}, D.},
    title = "{An introduction to the solar tachocline}",
booktitle = {The Solar Tachocline},
     year = 2007,
   editor = {{Hughes}, D.~W. and {Rosner}, R. and {Weiss}, N.~O.},
    pages = {3}
 }


@ARTICLE{Haber-etal02,
   author = {{Haber}, D.~A. and {Hindman}, B.~W. and {Toomre}, J. and {Bogart}, R.~S. and {Larsen}, R.~M. and {Hill}, F.},
    title = "{Evolving submerged meridional circulation cells within the upper convection zone revealed by ring-diagram analysis}",
  journal = apj,
 keywords = {Sun: Activity, Sun: Helioseismology, Sun: Interior, Sun: Rotation},
     year = 2002,
    month = may,
   volume = 570,
    pages = {855-864}
}

@ARTICLE{Haynes-etal91,
   author = {{Haynes}, P.~H. and {McIntyre}, M.~E. and {Shepherd}, T.~G. and 
	{Marks}, C.~J. and {Shine}, K.~P.},
    title = "{On the `downward control' of extratropical diabatic circulations by eddy-induced mean zonal forces}",
  journal = jats,
     year = 1991,
    month = feb,
   volume = 48,
    pages = {651-680}
}

@ARTICLE{Hegeral2000,
   author = {{Heger}, A. and {Langer}, N. and {Woosley}, S.~E.},
    title = "{Presupernova Evolution of Rotating Massive Stars. I. Numerical Method and Evolution of the Internal Stellar Structure}",
  journal = {\apj},
   eprint = {astro-ph/9904132},
 keywords = {HYDRODYNAMICS, METHODS: NUMERICAL, STARS EARLY-TYPE, STARS: EVOLUTION, STARS: INTERIORS, STARS ROTATION, Hydrodynamics, Methods: Numerical, stars early-type, Stars: Evolution, Stars: Interiors, stars rotation},
     year = 2000,
    month = jan,
   volume = 528,
    pages = {368-396},
      doi = {10.1086/308158},
   adsurl = {http://adsabs.harvard.edu/abs/2000ApJ...528..368H},
  adsnote = {Provided by the SAO/NASA Astrophysics Data System}
}

@ARTICLE{BalbusHawley1991,
       author = {{Balbus}, Steven A. and {Hawley}, John F.},
        title = "{A Powerful Local Shear Instability in Weakly Magnetized Disks. I. Linear Analysis}",
      journal = {\apj},
     keywords = {Accretion Disks, Magnetohydrodynamic Stability, Stellar Magnetic Fields, Stellar Mass Accretion, Boussinesq Approximation, Computational Astrophysics, Linear Systems, Astrophysics, ACCRETION, HYDRODYNAMICS, HYDROMAGNETICS, INSTABILITIES},
         year = 1991,
        month = jul,
       volume = {376},
        pages = {214},
          doi = {10.1086/170270},
       adsurl = {https://ui.adsabs.harvard.edu/abs/1991ApJ...376..214B},
      adsnote = {Provided by the SAO/NASA Astrophysics Data System}
}



@ARTICLE{Balbusal1996,
   author = {{Balbus}, S.~A. and {Hawley}, J.~F. and {Stone}, J.~M.},
    title = "{Nonlinear Stability, Hydrodynamical Turbulence, and Transport in Disks}",
  journal = {\apj},
 keywords = {ACCRETION, ACCRETION DISKS, HYDRODYNAMICS, INSTABILITIES, METHODS: NUMERICAL, TURBULENCE},
     year = 1996,
    month = aug,
   volume = 467,
    pages = {76},
      doi = {10.1086/177585},
   adsurl = {http://adsabs.harvard.edu/abs/1996ApJ...467...76B},
  adsnote = {Provided by the SAO/NASA Astrophysics Data System}
}

@ARTICLE{AchesonHide1973,
       author = {{Acheson}, D.~J. and {Hide}, R.},
        title = "{Hydromagnetics of rotating fluids}",
      journal = {Reports on Progress in Physics},
         year = 1973,
        month = feb,
       volume = {36},
       number = {2},
        pages = {159-221},
          doi = {10.1088/0034-4885/36/2/002},
       adsurl = {https://ui.adsabs.harvard.edu/abs/1973RPPh...36..159A},
      adsnote = {Provided by the SAO/NASA Astrophysics Data System}
}

@ARTICLE{Dikpatial2009,
       author = {{Dikpati}, Mausumi and {Gilman}, Peter A. and {Cally}, Paul S. and {Miesch}, Mark S.},
        title = "{Axisymmetric MHD Instabilities in Solar/Stellar Tachoclines}",
      journal = {\apj},
     keywords = {stars: interiors, stars: magnetic fields, stars: rotation, Sun: interior, Sun: magnetic fields, Sun: rotation},
         year = 2009,
        month = feb,
       volume = {692},
       number = {2},
        pages = {1421-1431},
          doi = {10.1088/0004-637X/692/2/1421},
       adsurl = {https://ui.adsabs.harvard.edu/abs/2009ApJ...692.1421D},
      adsnote = {Provided by the SAO/NASA Astrophysics Data System}
}


@ARTICLE{MenouLeMer2006,
       author = {{Menou}, Kristen and {Le Mer}, Jo{\"e}l},
        title = "{Magnetorotational Transport in the Early Sun}",
      journal = {\apj},
     keywords = {Hydrodynamics, Instabilities, Stars: Rotation, Sun: Rotation, Turbulence, Astrophysics},
         year = 2006,
        month = oct,
       volume = {650},
       number = {2},
        pages = {1208-1216},
          doi = {10.1086/507022},
archivePrefix = {arXiv},
       eprint = {astro-ph/0606358},
 primaryClass = {astro-ph},
       adsurl = {https://ui.adsabs.harvard.edu/abs/2006ApJ...650.1208M},
      adsnote = {Provided by the SAO/NASA Astrophysics Data System}
}


@ARTICLE{Fulleral2015,
       author = {{Fuller}, Jim and {Cantiello}, Matteo and {Stello}, Dennis and {Garcia}, Rafael A. and {Bildsten}, Lars},
        title = "{Asteroseismology can reveal strong internal magnetic fields in red giant stars}",
      journal = {Science},
     keywords = {ASTRONOMY, Astrophysics - Solar and Stellar Astrophysics},
         year = 2015,
        month = oct,
       volume = {350},
       number = {6259},
        pages = {423-426},
          doi = {10.1126/science.aac6933},
archivePrefix = {arXiv},
       eprint = {1510.06960},
 primaryClass = {astro-ph.SR},
       adsurl = {https://ui.adsabs.harvard.edu/abs/2015Sci...350..423F},
      adsnote = {Provided by the SAO/NASA Astrophysics Data System}
}


@ARTICLE{Lecoanetal2017,
       author = {{Lecoanet}, D. and {Vasil}, G.~M. and {Fuller}, J. and {Cantiello}, M. and {Burns}, K.~J.},
        title = "{Conversion of internal gravity waves into magnetic waves}",
      journal = {\mnras},
     keywords = {asteroseismology, scattering, waves, stars: magnetic field, Astrophysics - Solar and Stellar Astrophysics, Physics - Fluid Dynamics},
         year = 2017,
        month = apr,
       volume = {466},
       number = {2},
        pages = {2181-2193},
          doi = {10.1093/mnras/stw3273},
archivePrefix = {arXiv},
       eprint = {1610.08506},
 primaryClass = {astro-ph.SR},
       adsurl = {https://ui.adsabs.harvard.edu/abs/2017MNRAS.466.2181L},
      adsnote = {Provided by the SAO/NASA Astrophysics Data System}
}


@ARTICLE{HarringtonGaraud2019,
       author = {{Harrington}, Peter Z. and {Garaud}, Pascale},
        title = "{Enhanced Mixing in Magnetized Fingering Convection, and Implications for Red Giant Branch Stars}",
      journal = {\apjl},
     keywords = {instabilities, magnetohydrodynamics: MHD, stars: evolution, Astrophysics - Solar and Stellar Astrophysics},
         year = 2019,
        month = jan,
       volume = {870},
       number = {1},
          eid = {L5},
        pages = {L5},
          doi = {10.3847/2041-8213/aaf812},
archivePrefix = {arXiv},
       eprint = {1812.04687},
 primaryClass = {astro-ph.SR},
       adsurl = {https://ui.adsabs.harvard.edu/abs/2019ApJ...870L...5H},
      adsnote = {Provided by the SAO/NASA Astrophysics Data System}
}

@ARTICLE{HirabayashiSato10,
   author = {{Hirabayashi}, S. and {Sato}, T.},
    title = "{Scaling of mixing parameters in stationary, homogeneous, and stratified turbulence}",
  journal = {Journal of Geophysical Research (Oceans)},
 keywords = {Oceanography: Physical: Turbulence, diffusion, and mixing processes (4490), Oceanography: Physical: Fine structure and microstructure, Oceanography: General: Numerical modeling (0545, 0560, 1952), homogeneous stratified turbulence, direct numerical simulation, scaling of mixing parameters},
     year = 2010,
    month = sep,
   volume = 115,
      eid = {C09023},
    pages = {9023}
}

@ARTICLE{Holtal92,
   author = {{Holt}, S.~E. and {Koseff}, J.~R. and {Ferziger}, J.~H.},
    title = "{A numerical study of the evolution and structure of homogeneous stably stratified sheared turbulence}",
  journal = jfm,
 keywords = {FLOW STABILITY, HOMOGENEOUS TURBULENCE, SHEAR FLOW, STRATIFIED FLOW, TURBULENCE MODELS, BOUSSINESQ APPROXIMATION, COMPUTATIONAL FLUID DYNAMICS, NAVIER-STOKES EQUATION, REYNOLDS NUMBER},
     year = 1992,
    month = apr,
   volume = 237,
    pages = {499-539}
}

@ARTICLE{Howard61,
   author = {{Howard}, L.~N.},
    title = "{Note on a paper of John W. Miles}",
  journal = jfm,
     year = 1961,
   volume = 10,
    pages = {509-512}
}

@ARTICLE{Hurlburt-etal86,
   author = {{Hurlburt}, N.~E. and {Toomre}, J. and {Massaguer}, J.~M.},
    title = "{Nonlinear compressible convection penetrating into stable layers and producing internal gravity waves}",
  journal = apj,
 keywords = {BOUNDARY LAYER STABILITY, COMPRESSIBLE FLOW, CONVECTION, GRAVITY WAVES, INTERNAL WAVES, STELLAR ENVELOPES, ASTRONOMICAL MODELS, BOUNDARY VALUE PROBLEMS, MAGNETOHYDRODYNAMIC FLOW, NONLINEARITY, STELLAR INTERIORS, TIME DEPENDENCE},
     year = 1986,
    month = dec,
   volume = 311,
    pages = {563-577}
}

@PROCEEDINGS{Hughesal2007,
    title = "{The Solar Tachocline}",
booktitle = {The Solar Tachocline},
     year = 2007,
   editor = {{Hughes}, D.~W. and {Rosner}, R. and {Weiss}, N.~O.},
   adsurl = {http://adsabs.harvard.edu/abs/2007sota.conf.....H},
  adsnote = {Provided by the SAO/NASA Astrophysics Data System}
}

@ARTICLE{Jacobitzal97,
   author = {{Jacobitz}, F.~G. and {Sarkar}, S. and {van Atta}, C.~W.},
    title = "{Direct numerical simulations of the turbulence evolution in a uniformly sheared and stably stratified flow}",
  journal = jfm,
     year = 1997,
    month = jul,
   volume = 342,
    pages = {231-261}
}

@ARTICLE{Joseph66,
   author = {{Joseph}, D.~D.},
    title = "{Nonlinear stability of the Boussinesq equations by the method of energy}",
  journal = {Archive for Rational Mechanics and Analysis},
     year = 1966,
    month = jan,
   volume = 22,
    pages = {163-184}
}

@ARTICLE{Joseph76,
   author = {{Joseph}, D.~D.},
    title = "{Stability of fluid motions. I, II}",
  journal = {NASA STI/Recon Technical Report A},
 keywords = {Flow Stability, Flow Theory, Fluid Mechanics, Hydrodynamics, Branching (Mathematics), Convective Flow, Couette Flow, Laminar Flow, Pipe Flow, Porous Materials, Rotating Bodies, Space Commercialization, Textbooks, Variational Principles},
     year = 1976,
    month = nov,
   volume = 77,
    pages = {12423}
}


@ARTICLE{Kippenhahn63,
   author = {{Kippenhahn}, R.},
    title = "{Differential Rotation in Stars with Convective Envelopes.}",
  journal = apj,
     year = 1963,
    month = feb,
   volume = 137,
    pages = {664-+}
}

@ARTICLE{KitchatinovRudiger93,
   author = {{Kichatinov}, L.~L. and {Rudiger}, G.},
    title = "{A-effect and differential rotation in stellar convection zones}",
  journal = aap,
 keywords = {hydrodynarnics, turbulence, Sun: rotation, convection, stars: rotation},
     year = 1993,
    month = sep,
   volume = 276,
    pages = {96}
}

@ARTICLE{KitchatinovRudiger06,
   author = {{Kitchatinov}, L.~L. and {R{\"u}diger}, G.},
    title = "{Magnetic field confinement by meridional flow and the solar tachocline}",
  journal = aap,
   eprint = {arXiv:astro-ph/0603417},
 keywords = {magnetohydrodynamics (MHD), Sun: interior, Sun: rotation, Sun: magnetic fields},
     year = 2006,
    month = jul,
   volume = 453,
    pages = {329-333}
}

@ARTICLE{KitchatinovRudiger08,
   author = {{Kitchatinov}, L.~L. and {R{\"u}diger}, G.},
    title = "{Diamagnetic pumping near the base of a stellar convection zone}",
  journal = an,
archivePrefix = "arXiv",
   eprint = {0802.2415},
 keywords = {stars: interiors, stars: magnetic fields, Sun: magnetic field},
     year = 2008,
   volume = 329,
    pages = {372-375}
}

@ARTICLE{KorzennikEff-Darwich11,
   author = {{Korzennik}, S.~G. and {Eff-Darwich}, A.},
    title = "{The rotation rate and its evolution derived from improved mode fitting and inversion methodology}",
  journal = {Journal of Physics Conference Series},
     year = 2011,
    month = jan,
   volume = 271,
    pages = {012067}
}

@ARTICLE{Kosovichev-etal97,
   author = {{Kosovichev}, A.~G. and {Schou}, J. and {Scherrer}, P.~H. and 
	{Bogart}, R.~S. and {Bush}, R.~I. and {Hoeksema}, J.~T. and 
	{Aloise}, J. and {Bacon}, L. and {Burnette}, A. and {de Forest}, C. and 
	{Giles}, P.~M. and {Leibrand}, K. and {Nigam}, R. and {Rubin}, M. and 
	{Scott}, K. and {Williams}, S.~D. and {Basu}, S. and {Christensen-Dalsgaard}, J. and 
	{Dappen}, W. and {Rhodes}, Jr., E.~J. and {Duvall}, Jr., T.~L. and 
	{Howe}, R. and {Thompson}, M.~J. and {Gough}, D.~O. and {Sekii}, T. and 
	{Toomre}, J. and {Tarbell}, T.~D. and {Title}, A.~M. and {Mathur}, D. and 
	{Morrison}, M. and {Saba}, J.~L.~R. and {Wolfson}, C.~J. and 
	{Zayer}, I. and {Milford}, P.~N.},
    title = "{Structure and Rotation of the Solar Interior: Initial Results from the MDI Medium-L Program}",
  journal = solphys,
     year = 1997,
   volume = 170,
    pages = {43-61}
}

@ARTICLE{KumarQuataert97,
   author = {{Kumar}, P. and {Quataert}, E.~J.},
    title = "{Angular Momentum Transport by Gravity Waves and Its Effect on the Rotation of the Solar Interior}",
  journal = apjl,
   eprint = {arXiv:astro-ph/9611006},
 keywords = {SUN: OSCILLATIONS, SUN: ROTATION, STARS: ROTATION},
     year = 1997,
    month = feb,
   volume = 475,
    pages = {L143+}
}

@ARTICLE{KlahrBodenheimer2003,
   author = {{Klahr}, H.~H. and {Bodenheimer}, P.},
    title = "{Turbulence in Accretion Disks: Vorticity Generation and Angular Momentum Transport via the Global Baroclinic Instability}",
  journal = {\apj},
   eprint = {astro-ph/0211629},
 keywords = {Accretion, Accretion Disks, Stars: Circumstellar Matter, Hydrodynamics, Instabilities, Methods: Numerical, Turbulence},
     year = 2003,
    month = jan,
   volume = 582,
    pages = {869-892},
      doi = {10.1086/344743},
   adsurl = {http://adsabs.harvard.edu/abs/2003ApJ...582..869K},
  adsnote = {Provided by the SAO/NASA Astrophysics Data System}
}

@ARTICLE{LesurPapaloizou2010,
   author = {{Lesur}, G. and {Papaloizou}, J.~C.~B.},
    title = "{The subcritical baroclinic instability in local accretion disc models}",
  journal = {\aap},
archivePrefix = "arXiv",
   eprint = {0911.0663},
 primaryClass = "astro-ph.EP",
 keywords = {accretion, accretion disks, instabilities, planets and satellites: formation, turbulence},
     year = 2010,
    month = apr,
   volume = 513,
      eid = {A60},
    pages = {A60},
      doi = {10.1051/0004-6361/200913594},
   adsurl = {http://adsabs.harvard.edu/abs/2010A%26A...513A..60L},
  adsnote = {Provided by the SAO/NASA Astrophysics Data System}
}


@ARTICLE{LevyBoyer82,
   author = {{Levy}, E.~H. and {Boyer}, D.},
    title = "{Oscillating dynamo in the presence of a fossil magnetic field --- The solar cycle}",
  journal = apjl,
 keywords = {DYNAMO THEORY, SOLAR CYCLES, SOLAR MAGNETIC FIELD, CONVECTION, MAGNETOHYDRODYNAMICS, SOLAR ROTATION, STELLAR MODELS},
     year = 1982,
    month = mar,
   volume = 254,
    pages = {L19-L22}
}

@ARTICLE{Lignieres1999,
   author = {{Ligni{\`e}res}, F.},
    title = "{The small-P{\'e}clet-number approximation in stellar radiative zones}",
  journal = aap,
   eprint = {astro-ph/9908182},
 keywords = {HYDRODYNAMICS, TURBULENCE, STARS: INTERIORS},
     year = 1999,
    month = aug,
   volume = 348,
    pages = {933-939}
}

@ARTICLE{Lignieresetal1999,
   author = {{Ligni{\`e}res}, F. and {Califano}, F. and {Mangeney}, A.},
    title = "{Shear layer instability in a highly diffusive stably stratified atmosphere}",
  journal = aap,
   eprint = {astro-ph/9908184},
 keywords = {INSTABILITIES, HYDRODYNAMICS, STARS: INTERIORS},
     year = 1999,
    month = sep,
   volume = 349,
    pages = {1027-1036}
}


@ARTICLE{Lineykin55,
   author = {{Lineykin}, P.~C.},
    title = "{On the determination of the thickness of the baroclinic layer in the ocean}",
  journal = {Dokl. Akad. Nauk. SSSR},
     year = 1955,
   volume = 101,
    pages = {461-464}
}

@ARTICLE{MacGregorCharbonneau99,
   author = {{MacGregor}, K.~B. and {Charbonneau}, P.},
    title = "{Angular momentum transport in magnetized stellar radiative zones. IV. Ferraro's theorem and the solar tachocline}",
  journal = apj,
 keywords = {SUN: INTERIOR, SUN: OSCILLATIONS, SUN: ROTATION},
     year = 1999,
    month = jul,
   volume = 519,
    pages = {911-917}
}

@ARTICLE{Maeder95,
   author = {{Maeder}, A.},
    title = "{On the Richardson criterion for shear instabilities in rotating stars.}",
  journal = aap,
 keywords = {STARS: ROTATION, STARS: INTENSITIES, INSTABILITIES, DIFFUSION},
     year = 1995,
    month = jul,
   volume = 299,
    pages = {84}
}

@ARTICLE{MaederMeynet96,
   author = {{Maeder}, A. and {Meynet}, G.},
    title = "{Diffusive mixing by shears in rotating stars.}",
  journal = aap,
 keywords = {STARS: EVOLUTION, INTERIORS, ROTATION, DIFFUSION},
     year = 1996,
    month = sep,
   volume = 313,
    pages = {140-144}
}

@ARTICLE{Maeder97,
   author = {{Maeder}, A.},
    title = "{Stellar evolution with rotation. II. A new approach for shear mixing.}",
  journal = aap,
 keywords = {STARS: INTERIORS, ROTATION, STARS: EVOLUTION, DIFFUSION},
     year = 1997,
    month = may,
   volume = 321,
    pages = {134-144}
}



@ARTICLE{MatheouChung12,
   author = {{Matheou}, G. and {Chung}, D.},
    title = "{Direct numerical simulation of stratified turbulence}",
  journal = {Physics of Fluids},
 keywords = {flow instability, flow simulation, fluctuations, laminar flow, numerical analysis, shear turbulence, stratified flow, Stratified flows, Stability of laminar flows, Buoyancy-driven instabilities, Direct numerical simulations, Isotropic turbulence, homogeneous turbulence},
     year = 2012,
    month = sep,
   volume = 24,
   number = 9,
    pages = {091106}
}


@INPROCEEDINGS{McIntyre94,
   author = {{McIntyre}, M.},
    title = "{The quasi-biennial oscillation (QBO) : some points about the terrestrial QBO and the possibility of related phenomena in the solar interior}",
booktitle = {The Solar Engine and its Influence on Terrestrial Atmosphere and Climate},
     year = 1994,
   editor = "{E.~Nesme-Ribes}",
    pages = {293},
   adsurl = {http://adsabs.harvard.edu/abs/1994seit.conf..293M},
  adsnote = {Provided by the SAO/NASA Astrophysics Data System}
}

@INCOLLECTION{McIntyre00,
   author = {{McIntyre}, M.~E.},
    title = "{On global-scale atmospheric circulations}",
booktitle = {Perspectives in Fluid Dynamics},
publisher = up,
address = {Cambridge},
     year = 2000,
   editor = "{Batchelor, G.~K., Moffatt, H.~K.~\& Worster, M.~G.}",
    pages = {557-624}
}

@INPROCEEDINGS{McIntyre02,
   author = {{McIntyre}, M.~E.},
    title = "{Some fundamental aspects of atmospheric dynamics, with a solar spinoff}",
booktitle = {Meteorology and the Millennium},
     year = 2002,
   editor = "{R.~P.~Pearce}",
    pages = {283},
   adsurl = {http://adsabs.harvard.edu/abs/2002memi.conf..283M},
  adsnote = {Provided by the SAO/NASA Astrophysics Data System}
}

@INCOLLECTION{McIntyre03,
   author = {{McIntyre}, M.~E.},
    title = "{Solar tachocline dynamics: eddy viscosity, anti-friction, or something in between?}",
 keywords = {Solar Tachocline},
booktitle = {Stellar astrophysical fluid dynamics},
publisher = up,
address = {Cambridge},
     year = 2003,
   editor = "{Thompson, M.~J.~\& Christensen-Dalsgaard, J.}",
    pages = {111-130},
   adsurl = {http://adsabs.harvard.edu/abs/2003safd.book..111M},
  adsnote = {Provided by the SAO/NASA Astrophysics Data System}
}

@INPROCEEDINGS{McIntyre07,
   author = {{McIntyre}, M.~E.},
    title = "{Magnetic confinement and the sharp tachopause}",
booktitle = {The Solar Tachocline},
     year = 2007,
   editor = "{D.~W.~Hughes, R.~Rosner, \& N.~O.~Weiss}",
    pages = {183},
   adsurl = {http://adsabs.harvard.edu/abs/2007sota.conf..183M},
  adsnote = {Provided by the SAO/NASA Astrophysics Data System}
}

@ARTICLE{Mestel53,
   author = {{Mestel}, L.},
    title = "{Rotation and stellar evolution}",
  journal = mnras,
     year = 1953,
   volume = 113,
    pages = {716-745},
   adsurl = {http://adsabs.harvard.edu/abs/1953MNRAS.113..716M},
  adsnote = {Provided by the SAO/NASA Astrophysics Data System}
}

@ARTICLE{MestelMoss86,
   author = {{Mestel}, L. and {Moss}, D.~L.},
    title = "{On mixing by the Eddington--Sweet circulation}",
  journal = mnras,
 keywords = {EDDINGTON APPROXIMATION, STELLAR EVOLUTION, STELLAR MODELS, STELLAR ROTATION, KELVIN-HELMHOLTZ INSTABILITY, MOLECULAR WEIGHT, STELLAR CORES},
     year = 1986,
    month = jul,
   volume = 221,
    pages = {25-51},
   adsurl = {http://adsabs.harvard.edu/abs/1986MNRAS.221...25M},
  adsnote = {Provided by the SAO/NASA Astrophysics Data System}
}

@ARTICLE{MestelWeiss87,
   author = {{Mestel}, L. and {Weiss}, N.~O.},
    title = "{Magnetic fields and non-uniform rotation in stellar radiative zones}",
  journal = mnras,
 keywords = {DYNAMO THEORY, STELLAR MAGNETIC FIELDS, STELLAR ROTATION, ANGULAR MOMENTUM, CONDUCTIVITY, MAGNETIC EFFECTS, MOMENTUM TRANSFER, STELLAR RADIATION},
     year = 1987,
    month = may,
   volume = 226,
    pages = {123-135},
   adsurl = {http://adsabs.harvard.edu/abs/1987MNRAS.226..123M},
  adsnote = {Provided by the SAO/NASA Astrophysics Data System}
}

@ARTICLE{Miesch-etal00,
   author = {{Miesch}, M.~S. and {Elliott}, J.~R. and {Toomre}, J. and {Clune}, T.~L. and 
	{Glatzmaier}, G.~A. and {Gilman}, P.~A.},
    title = "{Three-dimensional spherical simulations of solar convection. I. Differential rotation and pattern evolution achieved with laminar and turbulent states}",
  journal = apj,
 keywords = {CONVECTION, HYDRODYNAMICS, STARS: INTERIORS, SUN: INTERIOR, SUN: ROTATION, TURBULENCE},
     year = 2000,
    month = mar,
   volume = 532,
    pages = {593-615},
      doi = {10.1086/308555},
   adsurl = {http://adsabs.harvard.edu/abs/2000ApJ...532..593M},
  adsnote = {Provided by the SAO/NASA Astrophysics Data System}
}

@ARTICLE{Miles61,
   author = {{Miles}, J.~W.},
    title = "{On the stability of heterogeneous shear flows}",
  journal = jfm,
     year = 1961,
   volume = 10,
    pages = {496-508}
}


@ARTICLE{Mirouhal12,
   author = {{Mirouh}, G.~M. and {Garaud}, P. and {Stellmach}, S. and {Traxler}, A.~L. and 
	{Wood}, T.~S.},
    title = "{A New Model for Mixing by Double-diffusive Convection (Semi-convection). I. The Conditions for Layer Formation}",
  journal = apj,
archivePrefix = "arXiv",
   eprint = {1112.4819},
 primaryClass = "astro-ph.SR",
 keywords = {convection, hydrodynamics, planets and satellites: general, stars: interiors},
     year = 2012,
    month = may,
   volume = 750,
      eid = {61},
    pages = {61}
}


@ARTICLE{MollGaraud2017,
   author = {{Moll}, R. and {Garaud}, P.},
    title = "{The Effect of Rotation on Oscillatory Double-diffusive Convection (Semiconvection)}",
  journal = {\apj},
archivePrefix = "arXiv",
   eprint = {1610.03940},
 primaryClass = "astro-ph.SR",
 keywords = {convection, hydrodynamics, planets and satellites: general, stars: interiors},
     year = 2017,
    month = jan,
   volume = 834,
      eid = {44},
    pages = {44},
      doi = {10.3847/1538-4357/834/1/44},
   adsurl = {http://adsabs.harvard.edu/abs/2017ApJ...834...44M},
  adsnote = {Provided by the SAO/NASA Astrophysics Data System}
}


@ARTICLE{Mursula-etal01,
   author = {{Mursula}, K. and {Usoskin}, I.~G. and {Kovaltsov}, G.~A.},
    title = "{Persistent 22-year cycle in sunspot activity: Evidence for a relic solar magnetic field}",
  journal = solphys,
     year = 2001,
    month = jan,
   volume = 198,
    pages = {51-56},
   adsurl = {http://adsabs.harvard.edu/abs/2001SoPh..198...51M},
  adsnote = {Provided by the SAO/NASA Astrophysics Data System}
}

@ARTICLE{Mursula-etal02,
   author = {{Mursula}, K. and {Usoskin}, I.~G. and {Kovaltsov}, G.~A.},
    title = "{A 22-year cycle in sunspot activity}",
  journal = {Advances in Space Research},
     year = 2002,
   volume = 29,
    pages = {1979-1984},
      doi = {10.1016/S0273-1177(02)00244-2},
   adsurl = {http://adsabs.harvard.edu/abs/2002AdSpR..29.1979M},
  adsnote = {Provided by the SAO/NASA Astrophysics Data System}
}

@ARTICLE{Parker81,
   author = {{Parker}, E.~N.},
    title = "{Residual fields from extinct dynamos}",
  journal = gafd,
 keywords = {A STARS, CONVECTIVE FLOW, DYNAMO THEORY, FIELD THEORY (PHYSICS), STELLAR MAGNETIC FIELDS, ANGULAR VELOCITY, ASYMPTOTIC METHODS, BUOYANCY, MAGNETIC FIELD CONFIGURATIONS, SHEAR LAYERS, TURBULENT DIFFUSION},
     year = 1981,
   volume = 18,
    pages = {175-196},
      doi = {10.1080/03091928108208835},
   adsurl = {http://adsabs.harvard.edu/abs/1981GApFD..18..175P},
  adsnote = {Provided by the SAO/NASA Astrophysics Data System}
}


@ARTICLE{ParkerConstantinou2019,
       author = {{Parker}, Jeffrey B. and {Constantinou}, Navid C.},
        title = "{Magnetic eddy viscosity of mean shear flows in two-dimensional magnetohydrodynamics}",
      journal = {Physical Review Fluids},
     keywords = {Physics - Plasma Physics, Astrophysics - Earth and Planetary Astrophysics, Astrophysics - Solar and Stellar Astrophysics, Physics - Atmospheric and Oceanic Physics, Physics - Fluid Dynamics},
         year = 2019,
        month = aug,
       volume = {4},
       number = {8},
          eid = {083701},
        pages = {083701},
          doi = {10.1103/PhysRevFluids.4.083701},
archivePrefix = {arXiv},
       eprint = {1902.01105},
 primaryClass = {physics.plasm-ph},
       adsurl = {https://ui.adsabs.harvard.edu/abs/2019PhRvF...4h3701P},
      adsnote = {Provided by the SAO/NASA Astrophysics Data System}
}

@ARTICLE{DurstonGilbert2016,
       author = {{Durston}, Sam and {Gilbert}, Andrew D.},
        title = "{Transport and instability in driven two-dimensional magnetohydrodynamic flows}",
      journal = {Journal of Fluid Mechanics},
         year = 2016,
        month = jul,
       volume = {799},
        pages = {541-578},
          doi = {10.1017/jfm.2016.361},
       adsurl = {https://ui.adsabs.harvard.edu/abs/2016JFM...799..541D},
      adsnote = {Provided by the SAO/NASA Astrophysics Data System}
}

@misc{Tulekeyev2024,
      title={Constraints on the long-term existence of dilute cores in giant planets}, 
      author={A. Tulekeyev and P. Garaud and B. Idini and J. J. Fortney},
      year={2024},
      eprint={2405.06790},
      archivePrefix={arXiv},
      primaryClass={astro-ph.EP},
      url={https://arxiv.org/abs/2405.06790}, 
}


@article{Iveyal2008,
   author = "Ivey, G.N. and Winters, K.B. and Koseff, J.R.",
   title = "Density Stratification, Turbulence, but How Much Mixing?", 
   journal= "Annual Review of Fluid Mechanics",
   year = "2008",
   volume = "40",
   number = "Volume 40, 2008",
   pages = "169-184",
   doi = "https://doi.org/10.1146/annurev.fluid.39.050905.110314",
   url = "https://www.annualreviews.org/content/journals/10.1146/annurev.fluid.39.050905.110314",
   publisher = "Annual Reviews",
   issn = "1545-4479",
   type = "Journal Article",
   keywords = "lakes",
   keywords = "internal waves",
   keywords = "estuaries",
   keywords = "ocean dynamics",
   abstract = "We examine observations of turbulence in the geophysical environment, primarily from oceans but also from lakes, in light of theory and experimental studies undertaken in the laboratory and with numerical simulation. Our focus is on turbulence in density-stratified environments and on the irreversible fluxes of tracers that actively contribute to the density field. Our understanding to date has come from focusing on physical problems characterized by high Reynolds number flows with no spatial or temporal variability, and we examine the applicability of these results to the natural or geophysical-scale problems. We conclude that our sampling and interpretation of the results remain a first-order issue, and despite decades of ship-based observations we do not begin to approach a reliable sampling of the overall turbulent structure of the ocean interior.",
  }

@article{Lindbord2006,
title={The energy cascade in a strongly stratified fluid},
volume={550},
DOI={10.1017/S0022112005008128},
journal={Journal of Fluid Mechanics},
author={Lindborg, E.}, 
year={2006}, 
pages={207–242}
} 

@ARTICLE{Greggal2018,
       author = {{Gregg}, M.~C. and {D'Asaro}, E.~A. and {Riley}, J.~J. and {Kunze}, E.},
        title = "{Mixing Efficiency in the Ocean}",
      journal = {Annual Review of Marine Science},
         year = 2018,
        month = jan,
       volume = {10},
        pages = {443-473},
          doi = {10.1146/annurev-marine-121916-063643},
       adsurl = {https://ui.adsabs.harvard.edu/abs/2018ARMS...10..443G},
      adsnote = {Provided by the SAO/NASA Astrophysics Data System}
}

@article {Haynesal1991,
      author = "P. H.  Haynes and M. E.  McIntyre and T. G.  Shepherd and C. J.  Marks and K. P.  Shine",
      title = "On the “Downward Control” of Extratropical Diabatic Circulations by Eddy-Induced Mean Zonal Forces",
      journal = "Journal of Atmospheric Sciences",
      year = "1991",
      publisher = "American Meteorological Society",
      address = "Boston MA, USA",
      volume = "48",
      number = "4",
      doi = "10.1175/1520-0469(1991)048<0651:OTCOED>2.0.CO;2",
      pages=      "651 - 678",
      url = "https://journals.ametsoc.org/view/journals/atsc/48/4/1520-0469_1991_048_0651_otcoed_2_0_co_2.xml"
}

@ARTICLE{Caulfield2021,
       author = {{Caulfield}, C.~P.},
        title = "{Layering, Instabilities, and Mixing in Turbulent Stratified Flows}",
      journal = {Annual Review of Fluid Mechanics},
         year = 2021,
        month = jan,
       volume = {53},
        pages = {113-145},
          doi = {10.1146/annurev-fluid-042320-100458},
       adsurl = {https://ui.adsabs.harvard.edu/abs/2021AnRFM..53..113C},
      adsnote = {Provided by the SAO/NASA Astrophysics Data System}
}




@ARTICLE{Pinsonneault97,
   author = {{Pinsonneault}, M.},
    title = "{Mixing in Stars}",
  journal = araa,
     year = 1997,
   volume = 35,
    pages = {557-605},
      doi = {10.1146/annurev.astro.35.1.557},
   adsurl = {http://adsabs.harvard.edu/abs/1997ARA%26A..35..557P},
  adsnote = {Provided by the SAO/NASA Astrophysics Data System}
}

@ARTICLE{PratLignieres13,
   author = {{Prat}, V. and {Ligni{\`e}res}, F.},
    title = "{Turbulent transport in radiative zones of stars}",
  journal = aap,
archivePrefix = "arXiv",
   eprint = {1301.4151},
 primaryClass = "astro-ph.SR",
 keywords = {diffusion, hydrodynamics, turbulence, stars: interiors, stars: rotation},
     year = 2013,
    month = mar,
   volume = 551,
      eid = {L3},
    pages = {L3}
}

@ARTICLE{PratLignieres14,
   author = {{Prat}, V. and {Ligni{\`e}res}, F.},
    title = "{Shear mixing in stellar radiative zones. I. Effect of thermal diffusion and chemical stratification}",
  journal = {aap},
archivePrefix = "arXiv",
   eprint = {1404.6199},
 primaryClass = "astro-ph.SR",
 keywords = {diffusion, hydrodynamics, turbulence, stars: interiors, stars: rotation},
     year = 2014,
    month = jun,
   volume = 566,
      eid = {A110},
    pages = {A110},
      doi = {10.1051/0004-6361/201423655},
  adsnote = {Provided by the SAO/NASA Astrophysics Data System}
}

@ARTICLE{Pratal2016,
   author = {{Prat}, V. and {Guilet}, J. and {Viallet}, M. and {M{\"u}ller}, E.
	},
    title = "{Shear mixing in stellar radiative zones. II. Robustness of numerical simulations}",
  journal = {\aap},
archivePrefix = "arXiv",
   eprint = {1512.04223},
 primaryClass = "astro-ph.SR",
 keywords = {diffusion, hydrodynamics, turbulence, stars: interiors, stars: rotation},
     year = 2016,
    month = jul,
   volume = 592,
      eid = {A59},
    pages = {A59},
      doi = {10.1051/0004-6361/201527946},
   adsurl = {http://adsabs.harvard.edu/abs/2016A%26A...592A..59P},
  adsnote = {Provided by the SAO/NASA Astrophysics Data System}
}
 

@ARTICLE{PlumbMcEwan78,
   author = {{Plumb}, R.~A. and {McEwan}, A.~D.},
    title = "{The Instability of a Forced Standing Wave in a Viscous Stratified Fluid: A Laboratory Analogue of .the Quasi-Biennial Oscillation.}",
  journal = jats,
     year = 1978,
    month = oct,
   volume = 35,
    pages = {1827-1839}
}

@INPROCEEDINGS{Poweral2007,
       author = {{Power}, J. and {Wade}, G.~A. and {Hanes}, D.~A. and {Aurier}, M. and {Silvester}, J.},
        title = "{Properties of a volume-limited sample of magnetic Ap/Bp stars}",
     keywords = {Astrophysics},
    booktitle = {Physics of Magnetic Stars},
         year = 2007,
       editor = {{Romanyuk}, I.~I. and {Kudryavtsev}, D.~O. and {Neizvestnaya}, O.~M. and {Shapoval}, V.~M.},
        month = jan,
        pages = {89-97},
archivePrefix = {arXiv},
       eprint = {astro-ph/0612557},
 primaryClass = {astro-ph},
       adsurl = {https://ui.adsabs.harvard.edu/abs/2007pms..conf...89P},
      adsnote = {Provided by the SAO/NASA Astrophysics Data System}
}



@ARTICLE{OglethorpeGaraud13,
   author = {{Oglethorpe}, R. and {Garaud}, P.},
    title = "{Spin-down dynamics of magnetized solar-type stars ({\it in press})}",
  journal = apj,
     year = 2013
}

@ARTICLE{Ogilvie2003,
   author = {{Ogilvie}, G.~I.},
    title = "{On the dynamics of magnetorotational turbulent stresses}",
  journal = {\mnras},
   eprint = {astro-ph/0212442},
 keywords = {accretion, accretion discs, hydrodynamics, MHD, turbulence},
     year = 2003,
    month = apr,
   volume = 340,
    pages = {969-982},
      doi = {10.1046/j.1365-8711.2003.06359.x},
   adsurl = {http://adsabs.harvard.edu/abs/2003MNRAS.340..969O},
  adsnote = {Provided by the SAO/NASA Astrophysics Data System}
}


@ARTICLE{Ramirez12,
   author = {{Ram{\'{\i}}rez}, I. and {Fish}, J.~R. and {Lambert}, D.~L. and 
	{Allende Prieto}, C.},
    title = "{Lithium Abundances in nearby FGK Dwarf and Subgiant Stars: Internal Destruction, Galactic Chemical Evolution, and Exoplanets}",
  journal = apj,
archivePrefix = "arXiv",
   eprint = {1207.0499},
 primaryClass = "astro-ph.SR",
 keywords = {planetary systems, stars: abundances, stars: evolution},
     year = 2012,
    month = sep,
   volume = 756,
      eid = {46},
    pages = {46},
      doi = {10.1088/0004-637X/756/1/46},
   adsurl = {http://adsabs.harvard.edu/abs/2012ApJ...756...46R},
  adsnote = {Provided by the SAO/NASA Astrophysics Data System}
}

@ARTICLE{ReinersSchmitt2003,
   author = {{Reiners}, A. and {Schmitt}, J.~H.~M.~M.},
    title = "{Differential rotation in rapidly rotating F-stars}",
  journal = {\aap},
   eprint = {astro-ph/0309616},
 keywords = {stars: rotation, stars: late-type, stars: activity, methods: data analysis, line: profiles},
     year = 2003,
    month = dec,
   volume = 412,
    pages = {813-819},
      doi = {10.1051/0004-6361:20034255},
   adsurl = {http://adsabs.harvard.edu/abs/2003A%26A...412..813R},
  adsnote = {Provided by the SAO/NASA Astrophysics Data System}
}


@ARTICLE{Rogallo81,
   author = {{Rogallo}, R.~S.},
    title = "{Numerical experiments in homogeneous turbulence}",
  journal = {NASA STI/Recon Technical Report N},
 keywords = {COMPUTERIZED SIMULATION, HOMOGENEOUS TURBULENCE, INCOMPRESSIBLE FLUIDS, NUMERICAL ANALYSIS, SHEAR FLOW, FLUID FLOW, ISOTROPIC TURBULENCE, MATHEMATICAL MODELS, MICROPOLAR FLUIDS, REYNOLDS STRESS},
     year = 1981,
    month = sep,
   volume = 81,
    pages = {31508}
}


@ARTICLE{Rogers-etal08,
   author = {{Rogers}, T.~M. and {MacGregor}, K.~B. and {Glatzmaier}, G.~A.
	},
    title = "{Non-linear dynamics of gravity wave driven flows in the solar radiative interior}",
  journal = mnras,
archivePrefix = "arXiv",
   eprint = {0804.1987},
 keywords = {hydrodynamics , waves , Sun: interior},
     year = 2008,
    month = jun,
   volume = 387,
    pages = {616-630}
}

@ARTICLE{Rogers11,
   author = {{Rogers}, T.~M.},
    title = "{On Limiting the Thickness of the Solar Tachocline}",
  journal = apj,
archivePrefix = "arXiv",
   eprint = {1104.4658},
 primaryClass = "astro-ph.SR",
 keywords = {hydrodynamics, magnetohydrodynamics: MHD, Sun: rotation },
     year = 2011,
    month = may,
   volume = 733,
    pages = {12-+}
}

@ARTICLE{RogersMacGregor11,
   author = {{Rogers}, T.~M. and {MacGregor}, K.~B.},
    title = "{On the interaction of internal gravity waves with a magnetic field - II. Convective forcing}",
  journal = mnras,
archivePrefix = "arXiv",
   eprint = {1009.5933},
 primaryClass = "astro-ph.SR",
 keywords = {hydrodynamics, magnetic fields, MHD, waves, Sun: surface magnetism},
     year = 2011,
    month = jan,
   volume = 410,
    pages = {946-962}
}

@ARTICLE{Rosenblumal11,
   author = {{Rosenblum}, E. and {Garaud}, P. and {Traxler}, A. and {Stellmach}, S.
	},
    title = "{Turbulent Mixing and Layer Formation in Double-diffusive Convection: Three-dimensional Numerical Simulations and Theory}",
  journal = apj,
archivePrefix = "arXiv",
   eprint = {1012.0617},
 primaryClass = "astro-ph.SR",
 keywords = {convection, hydrodynamics, planets and satellites: general, stars: interiors},
     year = 2011,
    month = apr,
   volume = 731,
      eid = {66},
    pages = {66}
}

@ARTICLE{Rossby38,
   author = {{Rossby}, C.~G.},
    title = "{On the mutual adjustment of pressure and velocity distributions in certain simple current systems, II}",
  journal = jmr,
     year = 1938,
   volume = 1,
    pages = {239-263}
}

@ARTICLE{RudigerKitchatinov97,
   author = {{R\"udiger}, G. and {Kitchatinov}, L.~L.},
    title = "{The slender solar tachocline: a magnetic model}",
  journal = an,
     year = 1997,
    month = aug,
   volume = 318,
    pages = {273-279}
}

@ARTICLE{Rudiger-etal05,
   author = {{R{\"u}diger}, G. and {Kitchatinov}, L.~L. and {Arlt}, R.},
    title = "{The penetration of meridional flow into the tachocline and its meaning for the solar dynamo}",
  journal = aap,
 keywords = {hydrodynamics, Sun: interior, stars: interiors},
     year = 2005,
    month = dec,
   volume = 444,
    pages = {L53-L56}
}

@INPROCEEDINGS{Sakurai70,
   author = {{Sakurai}, T.},
    title = "{Spin down of Boussinesq fluid in the circular cylinder, as a simulation of the solar spin-down procedure}",
booktitle = {IAU Colloq. 4: Stellar Rotation},
     year = 1970,
    pages = {329},
   adsurl = {http://adsabs.harvard.edu/abs/1970stro.coll..329S},
  adsnote = {Provided by the SAO/NASA Astrophysics Data System}
}

@ARTICLE{Schatzman62,
   author = {{Schatzman}, E.},
    title = "{A theory of the role of magnetic activity during star formation}",
  journal = {Annales d'Astrophysique},
     year = 1962,
    month = feb,
   volume = 25,
    pages = {18-29},
   adsurl = {http://adsabs.harvard.edu/abs/1962AnAp...25...18S},
  adsnote = {Provided by the SAO/NASA Astrophysics Data System}
}

@ARTICLE{Schatzman93,
   author = {{Schatzman}, E.},
    title = "{Transport of angular momentum and diffusion by the action of internal waves}",
  journal = aap,
 keywords = {ANGULAR MOMENTUM, INTERNAL WAVES, MOMENTUM TRANSFER, SOLAR CONVECTION (ASTRONOMY), SOLAR INTERIOR, SOLAR ROTATION, STELLAR COMPOSITION, STELLAR MODELS, TURBULENT DIFFUSION, LITHIUM, MATHEMATICAL MODELS, SOLAR MAGNETIC FIELD, TRANSPORT PROPERTIES},
     year = 1993,
    month = nov,
   volume = 279,
    pages = {431-446}
}

@ARTICLE{Schou-etal98,
   author = {{Schou}, J. and {Antia}, H.~M. and {Basu}, S. and {Bogart}, R.~S. and 
	{Bush}, R.~I. and {Chitre}, S.~M. and {Christensen-Dalsgaard}, J. and 
	{di Mauro}, M.~P. and {Dziembowski}, W.~A. and {Eff-Darwich}, A. and 
	{Gough}, D.~O. and {Haber}, D.~A. and {Hoeksema}, J.~T. and 
	{Howe}, R. and {Korzennik}, S.~G. and {Kosovichev}, A.~G. and 
	{Larsen}, R.~M. and {Pijpers}, F.~P. and {Scherrer}, P.~H. and 
	{Sekii}, T. and {Tarbell}, T.~D. and {Title}, A.~M. and {Thompson}, M.~J. and 
	{Toomre}, J.},
    title = "{Helioseismic studies of differential rotation in the solar envelope by the Solar Oscillations Investigation using the Michelson Doppler Imager}",
  journal = apj,
 keywords = {CONVECTION, SUN: INTERIOR, SUN: OSCILLATIONS, SUN: ROTATION},
     year = 1998,
    month = sep,
   volume = 505,
    pages = {390-417}
}

@ARTICLE{Smythetal88,
   author = {{Smyth}, W.~D. and {Klaassen}, G.~P. and {Peltier}, W.~R.},
    title = "{Finite amplitude holmboe waves}",
  journal = {Geophysical and Astrophysical Fluid Dynamics},
 keywords = {Shear flows, stability, stratified fluids},
     year = 1988,
   volume = 43,
    pages = {181-222},
      doi = {10.1080/03091928808213625},
   adsurl = {http://adsabs.harvard.edu/abs/1988GApFD..43..181S},
  adsnote = {Provided by the SAO/NASA Astrophysics Data System}
}

@ARTICLE{SmythPeltier90,
   author = {{Smyth}, W.~D. and {Peltier}, W.~R.},
    title = "{Three-dimensional primary instabilities of a stratified, dissipative, parallel flow}",
  journal = {Geophysical and Astrophysical Fluid Dynamics},
 keywords = {Shear flows, stability, stratified fluids},
     year = 1990,
   volume = 52,
    pages = {249-261},
      doi = {10.1080/03091929008219506},
   adsurl = {http://adsabs.harvard.edu/abs/1990GApFD..52..249S},
  adsnote = {Provided by the SAO/NASA Astrophysics Data System}
}


@ARTICLE{SpiegelVeronis1960,
   author = {{Spiegel}, E.~A. and {Veronis}, G.},
    title = "{On the Boussinesq Approximation for a Compressible Fluid.}",
  journal = apj,
     year = 1960,
    month = mar,
   volume = 131,
    pages = {442}
}

@ARTICLE{Spiegel72,
   author = {{Spiegel}, E.~A.},
    title = "{A history of solar rotation}",
  journal = {NASA Special Publication},
     year = 1972,
   volume = 300,
    pages = {61}
}

@ARTICLE{SpiegelZahn92,
   author = {{Spiegel}, E.~A. and {Zahn}, {J.-P.}},
    title = "{The solar tachocline}",
  journal = aap,
 keywords = {SOLAR CONVECTION (ASTRONOMY), SOLAR INTERIOR, SOLAR ROTATION, ANGULAR MOMENTUM, HELIOSEISMOLOGY, STELLAR MODELS, TURBULENCE EFFECTS, TURBULENT BOUNDARY LAYER},
     year = 1992,
    month = nov,
   volume = 265,
    pages = {106-114}
}

@ARTICLE{Stellmachetal2011,
   author = {{Stellmach}, S. and {Traxler}, A. and {Garaud}, P. and {Brummell}, N. and 
	{Radko}, T.},
    title = "{Dynamics of fingering convection. Part 2 The formation of thermohaline staircases}",
  journal = jfm,
archivePrefix = "arXiv",
   eprint = {1008.1808},
 primaryClass = "physics.flu-dyn",
     year = 2011,
    month = jun,
   volume = 677,
    pages = {554-571}
}

@ARTICLE{Strugarek-etal11,
   author = {{Strugarek}, A. and {Brun}, A.~S. and {Zahn}, J.-P.},
    title = "{Magnetic confinement of the solar tachocline: II. Coupling to a convection zone}",
  journal = aap,
archivePrefix = "arXiv",
   eprint = {1107.3665},
 primaryClass = "astro-ph.SR",
 keywords = {Sun: interior, Sun: rotation, magnetohydrodynamics (MHD), convection, magnetic fields},
     year = 2011,
    month = aug,
   volume = 532,
      eid = {A34},
    pages = {A34}
}

@ARTICLE{Squire33,
   author = {{Squire}, H.~B.},
    title = "{On the Stability for Three-Dimensional Disturbances of Viscous Fluid Flow between Parallel Walls}",
  journal = {Royal Society of London Proceedings Series A},
     year = 1933,
    month = nov,
   volume = 142,
    pages = {621-628}
}


@ARTICLE{Sweet50,
   author = {{Sweet}, P.~A.},
    title = "{The importance of rotation in stellar evolution}",
  journal = mnras,
     year = 1950,
   volume = 110,
    pages = {548-+}
}

@ARTICLE{TalonZahn97,
   author = {{Talon}, S. and {Zahn}, J.-P.},
    title = "{Anisotropic diffusion and shear instabilities.}",
  journal = aap,
   eprint = {astro-ph/9609010},
 keywords = {STARS: ABUNDANCES, EVOLUTION, INTERIORS, ROTATION, DIFFUSION.},
     year = 1997,
    month = feb,
   volume = 317,
    pages = {749-751}
}


@ARTICLE{TassoulTassoul86,
   author = {{Tassoul}, {J.-L.} and {Tassoul}, M.},
    title = "{On the nature of the core-envelope boundary layer in a slowly rotating star}",
  journal = gafd,
 keywords = {ANGULAR VELOCITY, BOUNDARY LAYERS, EARLY STARS, STELLAR CORES, STELLAR ENVELOPES, STELLAR ROTATION, CONVECTIVE HEAT TRANSFER, MERIDIONAL FLOW, RADIATIVE HEAT TRANSFER, VISCOUS FLOW},
     year = 1986,
   volume = 36,
    pages = {303-315}
}

@ARTICLE{Thompson-etal96,
   author = {{Thompson}, M.~J. and {Toomre}, J. and {Anderson}, E.~R. and 
	{Antia}, H.~M. and {Berthomieu}, G. and {Burtonclay}, D. and 
	{Chitre}, S.~M. and {Christensen-Dalsgaard}, J. and {Corbard}, T. and 
	{De Rosa}, M. and {Genovese}, C.~R. and {Gough}, D.~O. and {Haber}, D.~A. and 
	{Harvey}, J.~W. and {Hill}, F. and {Howe}, R. and {Korzennik}, S.~G. and 
	{Kosovichev}, A.~G. and {Leibacher}, J.~W. and {Pijpers}, F.~P. and 
	{Provost}, J. and {Rhodes}, Jr., E.~J. and {Schou}, J. and {Sekii}, T. and 
	{Stark}, P.~B. and {Wilson}, P.~R.},
    title = "{Differential Rotation and Dynamics of the Solar Interior}",
  journal = sci,
     year = 1996,
    month = may,
   volume = 272,
    pages = {1300-1305},
      doi = {10.1126/science.272.5266.1300},
   adsurl = {http://adsabs.harvard.edu/abs/1996Sci...272.1300T},
  adsnote = {Provided by the SAO/NASA Astrophysics Data System}
}

@ARTICLE{Tobias-etal98,
   author = {{Tobias}, S.~M. and {Brummell}, N.~H. and {Clune}, T.~L. and 
	{Toomre}, J.},
    title = "{Pumping of magnetic fields by turbulent penetrative convection}",
  journal = apjl,
 keywords = {CONVECTION, MAGNETOHYDRODYNAMICS: MHD, SUN: INTERIOR, SUN: MAGNETIC FIELDS, GALAXY: GLOBULAR CLUSTERS: GENERAL},
     year = 1998,
    month = aug,
   volume = 502,
    pages = {L177-L180},
      doi = {10.1086/311501},
   adsurl = {http://adsabs.harvard.edu/abs/1998ApJ...502L.177T},
  adsnote = {Provided by the SAO/NASA Astrophysics Data System}
}

@ARTICLE{TDH2007,
       author = {{Tobias}, Steven M. and {Diamond}, Patrick H. and {Hughes}, David W.},
        title = "{{\ensuremath{\beta}}-Plane Magnetohydrodynamic Turbulence in the Solar Tachocline}",
      journal = {\apjl},
     keywords = {Magnetohydrodynamics: MHD, Sun: Interior, Sun: Magnetic Fields, Turbulence},
         year = 2007,
        month = sep,
       volume = {667},
       number = {1},
        pages = {L113-L116},
          doi = {10.1086/521978},
       adsurl = {https://ui.adsabs.harvard.edu/abs/2007ApJ...667L.113T},
      adsnote = {Provided by the SAO/NASA Astrophysics Data System}
}


@ARTICLE{Tobias-etal01,
   author = {{Tobias}, S.~M. and {Brummell}, N.~H. and {Clune}, T.~L. and 
	{Toomre}, J.},
    title = "{Transport and storage of magnetic field by overshooting turbulent compressible convection}",
  journal = apj,
 keywords = {Convection, Magnetohydrodynamics: MHD, Sun: Interior, Sun: Magnetic Fields},
     year = 2001,
    month = mar,
   volume = 549,
    pages = {1183-1203}
}

@ARTICLE{Townsend58,
   author = {{Townsend}, A.~A.},
    title = "{The effects of radiative transfer on turbulent flow of a stratified fluid}",
  journal = jfm,
     year = 1958,
   volume = 4,
    pages = {361-375}
}

@article{Traxleral2011a,
 author={A. Traxler and P. Garaud and S. Stellmach},
 title={Numerically Determined Transport Laws for Fingering ("Thermohaline") Convection in Astrophysics},
 journal=apjl,
 volume={728},
 number={2},
 pages={L29},
 url={http://stacks.iop.org/2041-8205/728/i=2/a=L29},
 year={2011}
}

@ARTICLE{Traxleretal2011b,
   author = {{Traxler}, A. and {Stellmach}, S. and {Garaud}, P. and {Radko}, T. and 
	{Brummell}, N.},
    title = "{Dynamics of fingering convection. Part 1 Small-scale fluxes and large-scale instabilities}",
  journal = jfm,
archivePrefix = "arXiv",
   eprint = {1008.1807},
 primaryClass = "physics.flu-dyn",
     year = 2011,
    month = jun,
   volume = 677,
    pages = {530-553}
}

@inproceedings{taylor1936fluid,
  title={Fluid friction between rotating cylinders. I. Torque measurements},
  author={Taylor, GI},
  booktitle={Proceedings of the Royal Society of London A: Mathematical, Physical and Engineering Sciences},
  volume={157},
  number={892},
  pages={546--564},
  year={1936},
  organization={The Royal Society}
}

@article{vauclair04,
  title={{Metallic Fingers and Metallicity Excess in Exoplanets' Host Stars: The Accretion Hypothesis Revisited}},
  author={Vauclair, S.},
  journal= apj,
  volume={605},
  number={2},
  pages={874--879},
  year={2004},
  publisher={UChicago Press}
}

@ARTICLE{Walen46,
   author = {{Wal\'en}, C.},
  journal = amaf,
     year = 1946,
   volume = {30A},
    note = {no. 15}
}

@ARTICLE{Weiss66,
   author = {{Weiss}, N.~O.},
    title = "{The expulsion of magnetic flux by eddies}",
  journal = prsl,
     year = 1966,
    month = aug,
   volume = 293,
    pages = {310-328},
   adsurl = {http://adsabs.harvard.edu/abs/1966RSPSA.293..310W},
  adsnote = {Provided by the SAO/NASA Astrophysics Data System}
}

@ARTICLE{WoodMcIntyre11,
   author = {{Wood}, T.~S. and {McIntyre}, M.~E.},
    title = "{Polar confinement of the Sun's interior magnetic field by laminar magnetostrophic flow}",
  journal = jfm,
archivePrefix = "arXiv",
   eprint = {1005.5482},
 primaryClass = "astro-ph.SR",
     year = 2011,
    month = jun,
   volume = 677,
    pages = {445-482},
      doi = {10.1017/jfm.2011.93},
   adsurl = {http://adsabs.harvard.edu/abs/2011JFM...677..445W},
  adsnote = {Provided by the SAO/NASA Astrophysics Data System}
}

@ARTICLE{Wood-etal11,
   author = {{Wood}, T.~S. and {McCaslin}, J.~O. and {Garaud}, P.},
    title = "{The Sun's Meridional Circulation and Interior Magnetic Field}",
  journal = apj,
archivePrefix = "arXiv",
   eprint = {1106.5250},
 primaryClass = "astro-ph.SR",
 keywords = {magnetohydrodynamics: MHD, Sun: interior, Sun: rotation},
     year = 2011,
    month = sep,
   volume = 738,
      eid = {47},
    pages = {47},
      doi = {10.1088/0004-637X/738/1/47},
   adsurl = {http://adsabs.harvard.edu/abs/2011ApJ...738...47W},
  adsnote = {Provided by the SAO/NASA Astrophysics Data System}
}

@ARTICLE{Woodal13,
   author = {{Wood}, T.~S. and {Garaud}, P. and {Stellmach}, S.},
    title = "{A New Model for Mixing by Double-diffusive Convection (Semi-convection). II. The Transport of Heat and Composition through Layers}",
  journal = apj,
archivePrefix = "arXiv",
   eprint = {1212.1218},
 primaryClass = "astro-ph.SR",
 keywords = {convection, hydrodynamics, planets and satellites: general, stars: interiors },
     year = 2013,
    month = may,
   volume = 768,
      eid = {157},
    pages = {157}
}


@INPROCEEDINGS{Zahn1974,
   author = {{Zahn}, J.-P.},
    title = "{Rotational instabilities and stellar evolution}",
 keywords = {ASTRONOMICAL MODELS, DYNAMIC STABILITY, STELLAR EVOLUTION, STELLAR ROTATION, THERMAL DIFFUSION, CHEMICAL COMPOSITION, FLOW STABILITY, RAYLEIGH WAVES, SHEAR FLOW},
booktitle = {Stellar Instability and Evolution},
     year = 1974,
   series = {IAU Symposium},
   volume = 59,
   editor = {{Ledoux}, P. and {Noels}, A. and {Rodgers}, A.~W.},
    pages = {185-194},
   adsurl = {http://adsabs.harvard.edu/abs/1974IAUS...59..185Z},
  adsnote = {Provided by the SAO/NASA Astrophysics Data System}
}

@ARTICLE{Zahn92,
   author = {{Zahn}, J.-P.},
    title = "{Circulation and turbulence in rotating stars}",
  journal = aap,
 keywords = {MERIDIONAL FLOW, STELLAR INTERIORS, STELLAR PHYSICS, STELLAR ROTATION, TURBULENCE, ANGULAR MOMENTUM, MOMENTUM TRANSFER, STELLAR COMPOSITION, STELLAR MODELS},
     year = 1992,
    month = nov,
   volume = 265,
    pages = {115-132}
}


@ARTICLE{Zahn-etal97,
   author = {{Zahn}, {J.-P.} and {Talon}, S. and {Matias}, J.},
    title = "{Angular momentum transport by internal waves in the solar interior}",
  journal = aap,
   eprint = {arXiv:astro-ph/9611189},
 keywords = {HYDRODYNAMICS, TURBULENCE, SUN: INTERIOR: ROTATION, STARS: INTERIORS: ROTATION},
     year = 1997,
    month = jun,
   volume = 322,
    pages = {320-328}
}

@ARTICLE{ZhaoKosovichev04,
   author = {{Zhao}, J. and {Kosovichev}, A.~G.},
    title = "{Torsional oscillation, meridional flows, and vorticity inferred in the upper convection zone of the Sun by time-distance helioseismology}",
  journal = apj,
 keywords = {Sun: Activity, Sun: Helioseismology, Sun: Interior, Sun: Oscillations, Sun: Rotation},
     year = 2004,
    month = mar,
   volume = 603,
    pages = {776-784}
}

@ARTICLE{Maeder00a,
   author = {{Maeder}, A.},
    title = "{Chemical enrichments by massive stars and the effects of rotation}",
  journal = nar,
     year = 2000,
    month = jul,
   volume = 44,
    pages = {291-296}
}

@ARTICLE{Maeder00b,
   author = {{Maeder}, A. and {Meynet}, G.},
    title = "{Stellar evolution with rotation. VI. The Eddington and Omega -limits, the rotational mass loss for OB and LBV stars}",
  journal = aap,
   eprint = {astro-ph/0006405},
 keywords = {STARS: ROTATION, STARS: EVOLUTION, STARS: MASS-LOSS},
     year = 2000,
    month = sep,
   volume = 361,
    pages = {159-166}
}


@ARTICLE{GoldreichSchubert1967,
   author = {{Goldreich}, P. and {Schubert}, G.},
    title = "{Differential Rotation in Stars}",
  journal = {\apj},
     year = 1967,
    month = nov,
   volume = 150,
    pages = {571},
      doi = {10.1086/149360},
   adsurl = {http://adsabs.harvard.edu/abs/1967ApJ...150..571G},
  adsnote = {Provided by the SAO/NASA Astrophysics Data System}
}


@ARTICLE{Heger00a,
   author = {{Heger}, A. and {Langer}, N. and {Woosley}, S.~E.},
    title = "{Presupernova Evolution of Rotating Massive Stars. I. Numerical Method and Evolution of the Internal Stellar Structure}",
  journal = apj,
   eprint = {astro-ph/9904132},
 keywords = {HYDRODYNAMICS, METHODS: NUMERICAL, STARS EARLY-TYPE, STARS: EVOLUTION, STARS: INTERIORS, STARS ROTATION},
     year = 2000,
    month = jan,
   volume = 528,
    pages = {368-396}
}

@ARTICLE{Heger00b,
   author = {{Heger}, A. and {Langer}, N.},
    title = "{Presupernova Evolution of Rotating Massive Stars. II. Evolution of the Surface Properties}",
  journal = apj,
   eprint = {astro-ph/0005110},
 keywords = {Stars: Abundances, Stars: Early-Type, Stars: Evolution, Stars: Rotation},
     year = 2000,
    month = dec,
   volume = 544,
    pages = {1016-1035}
}

@ARTICLE{Hirschi04,
   author = {{Hirschi}, R. and {Meynet}, G. and {Maeder}, A.},
    title = "{Stellar evolution with rotation. XII. Pre-supernova models}",
  journal = aap,
   eprint = {astro-ph/0406552},
 keywords = {stars: evolution, stars: rotation, stars: Wolf-Rayet, stars: supernova: general},
     year = 2004,
    month = oct,
   volume = 425,
    pages = {649-670}
}

@ARTICLE{Hirschi10,
   author = {{Hirschi}, R. and {Maeder}, A.},
    title = "{The GSF instability and turbulence do not account for the relatively low rotation rate of pulsars}",
  journal = aap,
archivePrefix = "arXiv",
   eprint = {1004.5470},
 primaryClass = "astro-ph.SR",
 keywords = {stars: massive, stars: evolution, stars: interiors, stars: rotation, pulsars: general},
     year = 2010,
    month = sep,
   volume = 519,
      eid = {A16},
    pages = {A16}
}

@book{hoiland1939interpretation,
  title={On the interpretation and application of the circulation theorems of V. Bjerknes},
  author={H{\o}iland, Einar and Bjerknes, Vilhelm},
  number={5},
  year={1939},
  publisher={M. Johansen}
}

@book{hoiland1941stability,
  title={On the Stability of the Circular Vortex...},
  author={H{\o}iland, Einar},
  year={1941},
  publisher={J. Dybwad}
}

@ARTICLE{Kawaler99,
   author = {{Kawaler}, S.~D. and {Sekii}, T. and {Gough}, D.},
    title = "{Prospects for Measuring Differential Rotation in White Dwarfs through Asteroseismology}",
  journal = apj,
   eprint = {astro-ph/9811286},
 keywords = {STARS: INDIVIDUAL (PG 1159-035, GD 358), STARS: OSCILLATIONS, STARS: ROTATION, STARS: WHITE DWARFS},
     year = 1999,
    month = may,
   volume = 516,
    pages = {349-365}
}

@ARTICLE{Deheuvels12,
   author = {{Deheuvels}, S. and {Garc{\'{\i}}a}, R.~A. and {Chaplin}, W.~J. and 
	{Basu}, S. and {Antia}, H.~M. and {Appourchaux}, T. and {Benomar}, O. and 
	{Davies}, G.~R. and {Elsworth}, Y. and {Gizon}, L. and {Goupil}, M.~J. and 
	{Reese}, D.~R. and {Regulo}, C. and {Schou}, J. and {Stahn}, T. and 
	{Casagrande}, L. and {Christensen-Dalsgaard}, J. and {Fischer}, D. and 
	{Hekker}, S. and {Kjeldsen}, H. and {Mathur}, S. and {Mosser}, B. and 
	{Pinsonneault}, M. and {Valenti}, J. and {Christiansen}, J.~L. and 
	{Kinemuchi}, K. and {Mullally}, F.},
    title = "{Seismic Evidence for a Rapidly Rotating Core in a Lower-giant-branch Star Observed with Kepler}",
  journal = apj,
archivePrefix = "arXiv",
   eprint = {1206.3312},
 primaryClass = "astro-ph.SR",
 keywords = {stars: evolution, stars: individual: KIC 7341231, stars: interiors, stars: oscillations},
     year = 2012,
    month = sep,
   volume = 756,
      eid = {19},
    pages = {19}
}

@ARTICLE{Beck12,
   author = {{Beck}, P.~G. and {Montalban}, J. and {Kallinger}, T. and {De Ridder}, J. and 
	{Aerts}, C. and {Garc{\'{\i}}a}, R.~A. and {Hekker}, S. and 
	{Dupret}, M.-A. and {Mosser}, B. and {Eggenberger}, P. and {Stello}, D. and 
	{Elsworth}, Y. and {Frandsen}, S. and {Carrier}, F. and {Hillen}, M. and 
	{Gruberbauer}, M. and {Christensen-Dalsgaard}, J. and {Miglio}, A. and 
	{Valentini}, M. and {Bedding}, T.~R. and {Kjeldsen}, H. and 
	{Girouard}, F.~R. and {Hall}, J.~R. and {Ibrahim}, K.~A.},
    title = "{Fast core rotation in red-giant stars as revealed by gravity-dominated mixed modes}",
  journal = nat,
archivePrefix = "arXiv",
   eprint = {1112.2825},
 primaryClass = "astro-ph.SR",
     year = 2012,
    month = jan,
   volume = 481,
    pages = {55-57}
}

@ARTICLE{Mosser12a,
   author = {{Mosser}, B. and {Goupil}, M.~J. and {Belkacem}, K. and {Michel}, E. and 
	{Stello}, D. and {Marques}, J.~P. and {Elsworth}, Y. and {Barban}, C. and 
	{Beck}, P.~G. and {Bedding}, T.~R. and {De Ridder}, J. and {Garc{\'{\i}}a}, R.~A. and 
	{Hekker}, S. and {Kallinger}, T. and {Samadi}, R. and {Stumpe}, M.~C. and 
	{Barclay}, T. and {Burke}, C.~J.},
    title = "{Probing the core structure and evolution of red giants using gravity-dominated mixed modes observed with Kepler}",
  journal = aap,
archivePrefix = "arXiv",
   eprint = {1203.0689},
 primaryClass = "astro-ph.SR",
 keywords = {stars: oscillations, stars: interiors, stars: evolution, stars: late-type, methods: data analysis, asteroseismology},
     year = 2012,
    month = apr,
   volume = 540,
      eid = {A143},
    pages = {A143}
}


@ARTICLE{Mosser12b,
   author = {{Mosser}, B. and {Goupil}, M.~J. and {Belkacem}, K. and {Marques}, J.~P. and 
	{Beck}, P.~G. and {Bloemen}, S. and {De Ridder}, J. and {Barban}, C. and 
	{Deheuvels}, S. and {Elsworth}, Y. and {Hekker}, S. and {Kallinger}, T. and 
	{Ouazzani}, R.~M. and {Pinsonneault}, M. and {Samadi}, R. and 
	{Stello}, D. and {Garc{\'{\i}}a}, R.~A. and {Klaus}, T.~C. and 
	{Li}, J. and {Mathur}, S. and {Morris}, R.~L.},
    title = "{Spin down of the core rotation in red giants}",
  journal = aap,
archivePrefix = "arXiv",
   eprint = {1209.3336},
 primaryClass = "astro-ph.SR",
 keywords = {stars: oscillations, stars: interiors, stars: rotation, stars: late-type},
     year = 2012,
    month = dec,
   volume = 548,
      eid = {A10},
    pages = {A10}
}

@ARTICLE{Maeder13,
   author = {{Maeder}, A. and {Meynet}, G. and {Lagarde}, N. and {Charbonnel}, C.
	},
    title = "{The thermohaline, Richardson, Rayleigh-Taylor, Solberg-H{\o}iland, and GSF criteria in rotating stars}",
  journal = aap,
archivePrefix = "arXiv",
   eprint = {1303.3230},
 primaryClass = "astro-ph.SR",
 keywords = {convection, hydrodynamics, instabilities, turbulence},
     year = 2013,
    month = may,
   volume = 553,
      eid = {A1},
    pages = {A1}
}

@ARTICLE{Marques13,
   author = {{Marques}, J.~P. and {Goupil}, M.~J. and {Lebreton}, Y. and 
	{Talon}, S. and {Palacios}, A. and {Belkacem}, K. and {Ouazzani}, R.-M. and 
	{Mosser}, B. and {Moya}, A. and {Morel}, P. and {Pichon}, B. and 
	{Mathis}, S. and {Zahn}, J.-P. and {Turck-Chi{\`e}ze}, S. and 
	{Nghiem}, P.~A.~P.},
    title = "{Seismic diagnostics for transport of angular momentum in stars. I. Rotational splittings from the pre-main sequence to the red-giant branch}",
  journal = aap,
archivePrefix = "arXiv",
   eprint = {1211.1271},
 primaryClass = "astro-ph.SR",
 keywords = {stars: evolution, stars: interiors, stars: rotation, stars: oscillations},
     year = 2013,
    month = jan,
   volume = 549,
      eid = {A74},
    pages = {A74}
}

@ARTICLE{Maeder03,
   author = {{Maeder}, A.},
    title = "{Stellar rotation: Evidence for a large horizontal turbulence  and its effects on evolution}",
  journal = aap,
   eprint = {astro-ph/0301258},
 keywords = {turbulence, stars: evolution, stars: rotation},
     year = 2003,
    month = feb,
   volume = 399,
    pages = {263-269}
}

@ARTICLE{Mathis04,
   author = {{Mathis}, S. and {Palacios}, A. and {Zahn}, J.-P.},
    title = "{On shear-induced turbulence in rotating stars}",
  journal = aap,
   eprint = {astro-ph/0403580},
 keywords = {turbulence, stars: evolution},
     year = 2004,
    month = oct,
   volume = 425,
    pages = {243-247}
}

@ARTICLE{Maeder98,
   author = {{Maeder}, A. and {Zahn}, J.-P.},
    title = "{Stellar evolution with rotation. III. Meridional circulation with MU -gradients and non-stationarity}",
  journal = aap,
 keywords = {STARS: ROTATION, STARS: EARLY-TYPE, STARS: INTERIOR},
     year = 1998,
    month = jun,
   volume = 334,
    pages = {1000-1006}
}

@ARTICLE{Eggenberger12,
   author = {{Eggenberger}, P. and {Montalb{\'a}n}, J. and {Miglio}, A.},
    title = "{Angular momentum transport in stellar interiors constrained by rotational splittings of mixed modes in red giants}",
  journal = aap,
archivePrefix = "arXiv",
   eprint = {1207.1023},
 primaryClass = "astro-ph.SR",
 keywords = {stars: rotation, stars: oscillations},
     year = 2012,
    month = aug,
   volume = 544,
      eid = {L4},
    pages = {L4}
}

@article{Kingetal09,
  title={Boundary layer control of rotating convection systems},
  author={King, Eric M and Stellmach, Stephan and Noir, Jerome and Hansen, Ulrich and Aurnou, Jonathan M},
  journal={Nature},
  volume={457},
  number={7227},
  pages={301--304},
  year={2009},
  publisher={Nature Publishing Group}
}
@article{StellmachHansen08,
  title={An efficient spectral method for the simulation of dynamos in Cartesian geometry and its implementation on massively parallel computers},
  author={Stellmach, Stephan and Hansen, Ulrich},
  journal={Geochemistry, Geophysics, Geosystems},
  volume={9},
  number={5},
  year={2008},
  publisher={Wiley Online Library}
}

@ARTICLE{Mucciarelli11,
   author = {{Mucciarelli}, A. and {Salaris}, M. and {Lovisi}, L. and {Ferraro}, F.~R. and 
	{Lanzoni}, B. and {Lucatello}, S. and {Gratton}, R.~G.},
    title = "{Lithium abundance in the globular cluster M4: from the turn-off to the red giant branch bump}",
  journal = mnras,
archivePrefix = "arXiv",
   eprint = {1010.3879},
 primaryClass = "astro-ph.SR",
 keywords = {stars: abundances, stars: atmospheres, stars: Population II, globular clusters: individual: M4},
     year = 2011,
    month = mar,
   volume = 412,
    pages = {81-94},
      doi = {10.1111/j.1365-2966.2010.17884.x},
   adsurl = {http://adsabs.harvard.edu/abs/2011MNRAS.412...81M},
  adsnote = {Provided by the SAO/NASA Astrophysics Data System}
}

@ARTICLE{Ott06,
   author = {{Ott}, C.~D. and {Burrows}, A. and {Thompson}, T.~A. and {Livne}, E. and 
	{Walder}, R.},
    title = "{The Spin Periods and Rotational Profiles of Neutron Stars at Birth}",
  journal = apjs,
   eprint = {astro-ph/0508462},
 keywords = {Hydrodynamics, Neutrinos, Stars: Pulsars: General, Radiative Transfer, Stars: Evolution, Stars: Neutron, Stars: Rotation, Stars: Supernovae: General},
     year = 2006,
    month = may,
   volume = 164,
    pages = {130-155},
      doi = {10.1086/500832},
   adsurl = {http://adsabs.harvard.edu/abs/2006ApJS..164..130O},
  adsnote = {Provided by the SAO/NASA Astrophysics Data System}
}

@ARTICLE{Suijs08,
   author = {{Suijs}, M.~P.~L. and {Langer}, N. and {Poelarends}, A.-J. and 
	{Yoon}, S.-C. and {Heger}, A. and {Herwig}, F.},
    title = "{White dwarf spins from low-mass stellar evolution models}",
  journal = aap,
archivePrefix = "arXiv",
   eprint = {0802.3286},
 keywords = {stars: rotation, stars: evolution, stars: magnetic fields, stars: white dwarfs},
     year = 2008,
    month = apr,
   volume = 481,
    pages = {L87-L90},
      doi = {10.1051/0004-6361:200809411},
   adsurl = {http://adsabs.harvard.edu/abs/2008A%26A...481L..87S},
  adsnote = {Provided by the SAO/NASA Astrophysics Data System}
}

@ARTICLE{Skumanich72,
   author = {{Skumanich}, A.},
    title = "{Time Scales for CA II Emission Decay, Rotational Braking, and Lithium Depletion}",
  journal = apj,
     year = 1972,
    month = feb,
   volume = 171,
    pages = {565}
}

@ARTICLE{SestitoRandich05,
   author = {{Sestito}, P. and {Randich}, S.},
    title = "{Time scales of Li evolution: a homogeneous analysis of open clusters from ZAMS to late-MS}",
  journal = aap,
   eprint = {astro-ph/0507537},
 keywords = {stars: abundances, stars: evolution, open clusters and associations: general},
     year = 2005,
    month = nov,
   volume = 442,
    pages = {615-627},
      doi = {10.1051/0004-6361:20053482},
   adsurl = {http://adsabs.harvard.edu/abs/2005A%26A...442..615S},
  adsnote = {Provided by the SAO/NASA Astrophysics Data System}
}


@ARTICLE{Steinhauer04,
   author = {{Steinhauer}, A. and {Deliyannis}, C.~P.},
    title = "{WIYN/Hydra Detection of Lithium Depletion in F Stars of the Young Open Cluster M35 and Implications for the Development of the Lithium Gap}",
  journal = apjl,
   eprint = {astro-ph/0408052},
 keywords = {Galaxy: Open Clusters and Associations: Individual: Messier Number: M35, Stars: Abundances, Stars: Interiors},
     year = 2004,
    month = oct,
   volume = 614,
    pages = {L65-L68},
      doi = {10.1086/424689},
   adsurl = {http://adsabs.harvard.edu/abs/2004ApJ...614L..65S},
  adsnote = {Provided by the SAO/NASA Astrophysics Data System}
}

@ARTICLE{Richard05,
   author = {{Richard}, O. and {Michaud}, G. and {Richer}, J.},
    title = "{Implications of WMAP Observations on Li Abundance and Stellar Evolution Models}",
  journal = apj,
   eprint = {astro-ph/0409672},
 keywords = {Galaxy: Globular Clusters: General, Stars: Abundances, Stars: Evolution},
     year = 2005,
    month = jan,
   volume = 619,
    pages = {538-548},
      doi = {10.1086/426470},
   adsurl = {http://adsabs.harvard.edu/abs/2005ApJ...619..538R},
  adsnote = {Provided by the SAO/NASA Astrophysics Data System}
}

@ARTICLE{Melendez10,
   author = {{Mel{\'e}ndez}, J. and {Casagrande}, L. and {Ram{\'{\i}}rez}, I. and 
	{Asplund}, M. and {Schuster}, W.~J.},
    title = "{Observational evidence for a broken Li Spite plateau and mass-dependent Li depletion}",
  journal = aap,
archivePrefix = "arXiv",
   eprint = {1005.2944},
 primaryClass = "astro-ph.SR",
 keywords = {nuclear reactions, nucleosynthesis, abundances, cosmology: observations, stars: abundances, stars: Population II},
     year = 2010,
    month = jun,
   volume = 515,
      eid = {L3},
    pages = {L3},
      doi = {10.1051/0004-6361/200913047},
   adsurl = {http://adsabs.harvard.edu/abs/2010A%26A...515L...3M},
  adsnote = {Provided by the SAO/NASA Astrophysics Data System}
}

@ARTICLE{Charbonnel94,
   author = {{Charbonnel}, C.},
    title = "{Clues for non-standard mixing on the red giant branch from C-12/C-13 and C-12/N-14 ratios in evolved stars}",
  journal = aap,
 keywords = {CARBON 12, CARBON 13, MASS RATIOS, NITROGEN, RED GIANT STARS, STELLAR COMPOSITION, STELLAR EVOLUTION, STELLAR INTERIORS, STELLAR MODELS, ABUNDANCE, MATHEMATICAL MODELS, METALLICITY, STELLAR MASS},
     year = 1994,
    month = feb,
   volume = 282,
    pages = {811-820},
   adsurl = {http://adsabs.harvard.edu/abs/1994A%26A...282..811C},
  adsnote = {Provided by the SAO/NASA Astrophysics Data System}
}




@ARTICLE{Lagarde12,
   author = {{Lagarde}, N. and {Decressin}, T. and {Charbonnel}, C. and {Eggenberger}, P. and 
	{Ekstr{\"o}m}, S. and {Palacios}, A.},
    title = "{Thermohaline instability and rotation-induced mixing. III. Grid of stellar models and asymptotic asteroseismic quantities from the pre-main sequence up to the AGB for low- and intermediate-mass stars of various metallicities}",
  journal = aap,
 keywords = {asteroseismology, instabilities, stars: evolution, stars: interiors, stars: rotation},
     year = 2012,
    month = jul,
   volume = 543,
      eid = {A108},
    pages = {A108},
      doi = {10.1051/0004-6361/201118331},
   adsurl = {http://adsabs.harvard.edu/abs/2012A%26A...543A.108L},
  adsnote = {Provided by the SAO/NASA Astrophysics Data System}
}

@ARTICLE{Brott11,
   author = {{Brott}, I. and {Evans}, C.~J. and {Hunter}, I. and {de Koter}, A. and 
	{Langer}, N. and {Dufton}, P.~L. and {Cantiello}, M. and {Trundle}, C. and 
	{Lennon}, D.~J. and {de Mink}, S.~E. and {Yoon}, S.-C. and {Anders}, P.
	},
    title = "{Rotating massive main-sequence stars. II. Simulating a population of LMC early B-type stars as a test of rotational mixing}",
  journal = aap,
archivePrefix = "arXiv",
   eprint = {1102.0766},
 primaryClass = "astro-ph.SR",
 keywords = {methods: statistical, stars: abundances, stars: evolution, stars: early-type, stars: massive, stars: rotation},
     year = 2011,
    month = jun,
   volume = 530,
      eid = {A116},
    pages = {A116},
      doi = {10.1051/0004-6361/201016114},
   adsurl = {http://adsabs.harvard.edu/abs/2011A%26A...530A.116B},
  adsnote = {Provided by the SAO/NASA Astrophysics Data System}
}

@ARTICLE{Hunter08,
   author = {{Hunter}, I. and {Brott}, I. and {Lennon}, D.~J. and {Langer}, N. and 
	{Dufton}, P.~L. and {Trundle}, C. and {Smartt}, S.~J. and {de Koter}, A. and 
	{Evans}, C.~J. and {Ryans}, R.~S.~I.},
    title = "{The VLT FLAMES Survey of Massive Stars: Rotation and Nitrogen Enrichment as the Key to Understanding Massive Star Evolution}",
  journal = apjl,
archivePrefix = "arXiv",
   eprint = {0711.2267},
 keywords = {Stars: Early-Type, Stars: Rotation, Stars: Abundances, Stars: Evolution, Galaxies: Magellanic Clouds},
     year = 2008,
    month = mar,
   volume = 676,
    pages = {L29-L32},
      doi = {10.1086/587436},
   adsurl = {http://adsabs.harvard.edu/abs/2008ApJ...676L..29H},
  adsnote = {Provided by the SAO/NASA Astrophysics Data System}
}

@ARTICLE{Nordlander12,
   author = {{Nordlander}, T. and {Korn}, A.~J. and {Richard}, O. and {Lind}, K.
	},
    title = "{Atomic Diffusion and Mixing in Old Stars. III. Analysis of NGC 6397 Stars under New Constraints}",
  journal = apj,
archivePrefix = "arXiv",
   eprint = {1204.5600},
 primaryClass = "astro-ph.SR",
 keywords = {diffusion, globular clusters: individual: NGC 6397, stars: abundances, stars: atmospheres, stars: evolution, stars: fundamental parameters, stars: Population II},
     year = 2012,
    month = jul,
   volume = 753,
      eid = {48},
    pages = {48},
      doi = {10.1088/0004-637X/753/1/48},
   adsurl = {http://adsabs.harvard.edu/abs/2012ApJ...753...48N},
  adsnote = {Provided by the SAO/NASA Astrophysics Data System}
}

@ARTICLE{Vrancken00,
   author = {{Vrancken}, M. and {Lennon}, D.~J. and {Dufton}, P.~L. and {Lambert}, D.~L.
	},
    title = "{The atmospheric parameters and chemical composition of early B-type giants in h and chi Persei}",
  journal = aap,
 keywords = {LINE: FORMATION, STARS: ABUNDANCES, STARS: EARLY-TYPE, STARS: EVOLUTION, GALAXY: OPEN CLUSTERS AND ASSOCIATIONS: INDIVIDUAL: H AND CHI PERSEI},
     year = 2000,
    month = jun,
   volume = 358,
    pages = {639-650},
   adsurl = {http://adsabs.harvard.edu/abs/2000A%26A...358..639V},
  adsnote = {Provided by the SAO/NASA Astrophysics Data System}
}

@ARTICLE{Przybilla10,
   author = {{Przybilla}, N. and {Firnstein}, M. and {Nieva}, M.~F. and {Meynet}, G. and 
	{Maeder}, A.},
    title = "{Mixing of CNO-cycled matter in massive stars}",
  journal = aap,
archivePrefix = "arXiv",
   eprint = {1005.2278},
 primaryClass = "astro-ph.SR",
 keywords = {stars: abundances, stars: atmospheres, stars: early-type, stars: evolution, stars: massive, supergiants},
     year = 2010,
    month = jul,
   volume = 517,
      eid = {A38},
    pages = {A38},
      doi = {10.1051/0004-6361/201014164},
   adsurl = {http://adsabs.harvard.edu/abs/2010A%26A...517A..38P},
  adsnote = {Provided by the SAO/NASA Astrophysics Data System}
}

@ARTICLE{Christensen-Dalsgaard08,
   author = {{Christensen-Dalsgaard}, J.},
    title = "{ADIPLS{\mdash}the Aarhus adiabatic oscillation package}",
  journal = mnras,
archivePrefix = "arXiv",
   eprint = {0710.3106},
 keywords = {Stars: oscillations, Numerical methods, Asteroseismology},
     year = 2008,
    month = aug,
   volume = 316,
    pages = {113-120},
      doi = {10.1007/s10509-007-9689-z},
   adsurl = {http://adsabs.harvard.edu/abs/2008Ap%26SS.316..113C},
  adsnote = {Provided by the SAO/NASA Astrophysics Data System}
}

@ARTICLE{Townsend13,
   author = {{Townsend}, R.~H.~D. and {Teitler}, S.~A.},
    title = "{GYRE: an open-source stellar oscillation code based on a new Magnus Multiple Shooting scheme}",
  journal = mnras,
archivePrefix = "arXiv",
   eprint = {1308.2965},
 primaryClass = "astro-ph.SR",
 keywords = {methods: numerical, stars: evolution, stars: interiors, stars: oscillations, stars: variables: general},
     year = 2013,
    month = nov,
   volume = 435,
    pages = {3406-3418},
      doi = {10.1093/mnras/stt1533},
   adsurl = {http://adsabs.harvard.edu/abs/2013MNRAS.435.3406T},
  adsnote = {Provided by the SAO/NASA Astrophysics Data System}
}

@ARTICLE{Paxton11,
   author = {{Paxton}, B. and {Bildsten}, L. and {Dotter}, A. and {Herwig}, F. and 
	{Lesaffre}, P. and {Timmes}, F.},
    title = "{Modules for Experiments in Stellar Astrophysics (MESA)}",
  journal = apjs,
archivePrefix = "arXiv",
   eprint = {1009.1622},
 primaryClass = "astro-ph.SR",
 keywords = {methods: numerical, stars: evolution, stars: general},
     year = 2011,
    month = jan,
   volume = 192,
      eid = {3},
    pages = {3},
      doi = {10.1088/0067-0049/192/1/3},
   adsurl = {http://adsabs.harvard.edu/abs/2011ApJS..192....3P},
  adsnote = {Provided by the SAO/NASA Astrophysics Data System}
}

@ARTICLE{Paxton13,
   author = {{Paxton}, B. and {Cantiello}, M. and {Arras}, P. and {Bildsten}, L. and 
	{Brown}, E.~F. and {Dotter}, A. and {Mankovich}, C. and {Montgomery}, M.~H. and 
	{Stello}, D. and {Timmes}, F.~X. and {Townsend}, R.},
    title = "{Modules for Experiments in Stellar Astrophysics (MESA): Planets, Oscillations, Rotation, and Massive Stars}",
  journal = apjs,
archivePrefix = "arXiv",
   eprint = {1301.0319},
 primaryClass = "astro-ph.SR",
 keywords = {asteroseismology, methods: numerical, planets and satellites: physical evolution, stars: evolution, stars: massive, stars: rotation},
     year = 2013,
    month = sep,
   volume = 208,
      eid = {4},
    pages = {4},
      doi = {10.1088/0067-0049/208/1/4},
   adsurl = {http://adsabs.harvard.edu/abs/2013ApJS..208....4P},
  adsnote = {Provided by the SAO/NASA Astrophysics Data System}
}

@ARTICLE{Schatzman77,
   author = {{Schatzman}, E.},
    title = "{Turbulent transport and lithium destruction in main sequence stars}",
  journal = aap,
 keywords = {Astrophysics, Lithium, Main Sequence Stars, Stellar Models, Sun, Turbulent Diffusion, Angular Momentum, Distribution Functions, Flow Stability, Giant Stars, Shear Flow, Transport Properties},
     year = 1977,
    month = apr,
   volume = 56,
    pages = {211-218}
}

@ARTICLE{MestelMoss2010,
       author = {{Mestel}, Leon and {Moss}, David},
        title = "{The evolution of stable magnetic fields in stars: an analytical approach}",
      journal = {\mnras},
     keywords = {magnetic fields, MHD, stars: chemically peculiar, stars: early-type, stars: magnetic fields},
         year = 2010,
        month = jul,
       volume = {405},
       number = {3},
        pages = {1845-1853},
          doi = {10.1111/j.1365-2966.2010.16558.x},
       adsurl = {https://ui.adsabs.harvard.edu/abs/2010MNRAS.405.1845M},
      adsnote = {Provided by the SAO/NASA Astrophysics Data System}
}


@ARTICLE{Tayler1973,
       author = {{Tayler}, R.~J.},
        title = "{The adiabatic stability of stars containing magnetic fields-I.Toroidal fields}",
      journal = {\mnras},
         year = 1973,
        month = jan,
       volume = {161},
        pages = {365},
          doi = {10.1093/mnras/161.4.365},
       adsurl = {https://ui.adsabs.harvard.edu/abs/1973MNRAS.161..365T},
      adsnote = {Provided by the SAO/NASA Astrophysics Data System}
}

@ARTICLE{TaylerMarkey1973,
       author = {{Markey}, P. and {Tayler}, R.~J.},
        title = "{The adiabatic stability of stars containing magnetic fields. II. Poloidal fields}",
      journal = {\mnras},
         year = 1973,
        month = mar,
       volume = {163},
        pages = {77-91},
          doi = {10.1093/mnras/163.1.77},
       adsurl = {https://ui.adsabs.harvard.edu/abs/1973MNRAS.163...77M},
      adsnote = {Provided by the SAO/NASA Astrophysics Data System}
}



@ARTICLE{DoNascimento10,
   author = {{Do Nascimento}, J.~D. and {da Costa}, J.~S. and {de Medeiros}, J.~R.
	},
    title = "{Rotation and lithium abundance of solar-analog stars. Theoretical analysis of observations}",
  journal = aap,
archivePrefix = "arXiv",
   eprint = {1006.3861},
 primaryClass = "astro-ph.SR",
 keywords = {Hertzsprung-Russell and C-M diagrams, stars: rotation, stars: abundances, stars: fundamental parameters},
     year = 2010,
    month = sep,
   volume = 519,
      eid = {A101},
    pages = {A101},
      doi = {10.1051/0004-6361/200811026},
   adsurl = {http://adsabs.harvard.edu/abs/2010A%26A...519A.101D},
  adsnote = {Provided by the SAO/NASA Astrophysics Data System}
}


@ARTICLE{Barnes99,
   author = {{Barnes}, G. and {Charbonneau}, P. and {MacGregor}, K.~B.},
    title = "{Angular Momentum Transport in Magnetized Stellar Radiative Zones. III. The Solar Light-Element Abundances}",
  journal = apj,
 keywords = {SUN: ABUNDANCES, SUN: INTERIOR, SUN: MAGNETIC FIELDS, SUN: ROTATION, Sun: Abundances, Sun: Interior, Sun: Magnetic Fields, Sun: Rotation},
     year = 1999,
    month = jan,
   volume = 511,
    pages = {466-480},
      doi = {10.1086/306639},
   adsurl = {http://adsabs.harvard.edu/abs/1999ApJ...511..466B},
  adsnote = {Provided by the SAO/NASA Astrophysics Data System}
}

@ARTICLE{Fliegner96,
   author = {{Fliegner}, J. and {Langer}, N. and {Venn}, K.~A.},
    title = "{Boron in main sequence B stars: a critical test for rotational mixing.}",
  journal = aap,
 keywords = {STARS: ABUNDANCES, STARS: INTERIORS STARS: EARLY-TYPE, STARS: EVOLUTION},
     year = 1996,
    month = apr,
   volume = 308,
    pages = {L13-L16},
   adsurl = {http://adsabs.harvard.edu/abs/1996A%26A...308L..13F},
  adsnote = {Provided by the SAO/NASA Astrophysics Data System}
}

@ARTICLE{Stello13,
   author = {{Stello}, D. and {Huber}, D. and {Bedding}, T.~R. and {Benomar}, O. and 
	{Bildsten}, L. and {Elsworth}, Y.~P. and {Gilliland}, R.~L. and 
	{Mosser}, B. and {Paxton}, B. and {White}, T.~R.},
    title = "{Asteroseismic Classification of Stellar Populations among 13,000 Red Giants Observed by Kepler}",
  journal = apjl,
archivePrefix = "arXiv",
   eprint = {1302.0858},
 primaryClass = "astro-ph.SR",
 keywords = {asteroseismology, stars: evolution, stars: fundamental parameters, stars: interiors, stars: oscillations, techniques: photometric},
     year = 2013,
    month = mar,
   volume = 765,
      eid = {L41},
    pages = {L41},
      doi = {10.1088/2041-8205/765/2/L41},
   adsurl = {http://adsabs.harvard.edu/abs/2013ApJ...765L..41S},
  adsnote = {Provided by the SAO/NASA Astrophysics Data System}
}

@ARTICLE{Cyburt08,
   author = {{Cyburt}, R.~H. and {Fields}, B.~D. and {Olive}, K.~A.},
    title = "{An update on the big bang nucleosynthesis prediction for $^{7}$Li: the problem worsens}",
  journal = jcap,
archivePrefix = "arXiv",
   eprint = {0808.2818},
     year = 2008,
    month = nov,
   volume = 11,
      eid = {012},
    pages = {12},
      doi = {10.1088/1475-7516/2008/11/012},
   adsurl = {http://adsabs.harvard.edu/abs/2008JCAP...11..012C},
  adsnote = {Provided by the SAO/NASA Astrophysics Data System}
}

@ARTICLE{Mendel06,
   author = {{Mendel}, J.~T. and {Venn}, K.~A. and {Proffitt}, C.~R. and 
	{Brooks}, A.~M. and {Lambert}, D.~L.},
    title = "{Testing Rotational Mixing Predictions with New Boron Abundances in Main-Sequence B-Type Stars}",
  journal = apj,
   eprint = {astro-ph/0512084},
 keywords = {Stars: Abundances, Stars: Evolution, Stars: Rotation},
     year = 2006,
    month = apr,
   volume = 640,
    pages = {1039-1050},
      doi = {10.1086/500252},
   adsurl = {http://adsabs.harvard.edu/abs/2006ApJ...640.1039M},
  adsnote = {Provided by the SAO/NASA Astrophysics Data System}
}

@ARTICLE{Venn02,
   author = {{Venn}, K.~A. and {Brooks}, A.~M. and {Lambert}, D.~L. and {Lemke}, M. and 
	{Langer}, N. and {Lennon}, D.~J. and {Keenan}, F.~P.},
    title = "{Boron Abundances in B-Type Stars: A Test of Rotational Depletion during Main-Sequence Evolution}",
  journal = apj,
   eprint = {astro-ph/0108263},
 keywords = {Stars: Abundances, Stars: Evolution, Stars: Rotation},
     year = 2002,
    month = jan,
   volume = 565,
    pages = {571-586}
}

@ARTICLE{Yih55,
   author = {{Yih}, C.~S.},
    title = "{Stability of two-dimensional parallel flows for three-dimensional disturbances}",
  journal = {Quart. Appl. Math.},
     year = 1955,
   volume = 12,
    pages = {434-435}
}

@ARTICLE{Sommeria82,
   author = {{Sommeria}, J. and {Moreau}, R.},
    title = "{Why, how, and when, MHD turbulence becomes two-dimensional}",
  journal = jfm,
     year = 1982,
   volume = 118,
    pages = {507-518}
}

@ARTICLE{Richardson1920,
   author = {{Richardson}, L.~F.},
    title = "{The Supply of Energy from and to Atmospheric Eddies}",
  journal = {Royal Society of London Proceedings Series A},
     year = 1920,
    month = jul,
   volume = 97,
    pages = {354-373},
      doi = {10.1098/rspa.1920.0039},
   adsurl = {http://adsabs.harvard.edu/abs/1920RSPSA..97..354R},
  adsnote = {Provided by the SAO/NASA Astrophysics Data System}
}

@ARTICLE{Spiegel1962,
   author = {{Spiegel}, E.~A.},
    title = "{Thermal turbulence at very small Prandtl number}",
  journal = {J. Geophys. Res.},
     year = 1962,
    month = jul,
   volume = 67,
    pages = {3063-3070},
 }
 
 @ARTICLE{Thual,
   author = {{Thual}, O.},
    title = "{Zero-Prandtl-number convection}",
  journal = jfm,
     year = 1992,
    month = jul,
   volume = 240,
    pages = {229-258},
 }


@ARTICLE{Taylor1931,
   author = {{Taylor}, G.~I.},
    title = "{Effect of Variation in Density on the Stability of Superposed Streams of Fluid}",
  journal = {Royal Society of London Proceedings Series A},
     year = 1931,
    month = aug,
   volume = 132,
    pages = {499-523},
      doi = {10.1098/rspa.1931.0115},
   adsurl = {http://adsabs.harvard.edu/abs/1931RSPSA.132..499T},
  adsnote = {Provided by the SAO/NASA Astrophysics Data System}
}

@ARTICLE{Goldstein1931,
   author = {{Goldstein}, S.},
    title = "{On the Stability of Superposed Streams of Fluids of Different Densities}",
  journal = {Royal Society of London Proceedings Series A},
     year = 1931,
    month = aug,
   volume = 132,
    pages = {524-548},
      doi = {10.1098/rspa.1931.0116},
   adsurl = {http://adsabs.harvard.edu/abs/1931RSPSA.132..524G},
  adsnote = {Provided by the SAO/NASA Astrophysics Data System}
}

@ARTICLE{HowardMaslowe1973,
   author = {{Howard}, L.~N. and {Maslowe}, S.~A.},
    title = "{Stability of stratified shear flows}",
  journal = {Boundary-Layer Meteorology},
     year = 1973,
    month = apr,
   volume = 4,
    pages = {511-523},
      doi = {10.1007/BF02265252},
   adsurl = {http://adsabs.harvard.edu/abs/1973BoLMe...4..511H},
  adsnote = {Provided by the SAO/NASA Astrophysics Data System}
}

@BOOK{Pedlosky1982,
       author = {{Pedlosky}, J.},
        title = "{Geophysical fluid dynamics}",
         year = 1982,
       adsurl = {https://ui.adsabs.harvard.edu/abs/1982bsv..book.....P},
      adsnote = {Provided by the SAO/NASA Astrophysics Data System}
}

@ARTICLE{MieschGilman2004,
       author = {{Miesch}, Mark S. and {Gilman}, Peter A.},
        title = "{Thin-Shell Magnetohydrodynamic Equations for the Solar Tachocline}",
      journal = {\solphys},
     keywords = {Angular Momentum, Governing Equation, Spherical Shell, Underlying Assumption, Boussinesq Equation},
         year = 2004,
        month = apr,
       volume = {220},
       number = {2},
        pages = {287-305},
          doi = {10.1023/B:SOLA.0000031382.93981.2c},
       adsurl = {https://ui.adsabs.harvard.edu/abs/2004SoPh..220..287M},
      adsnote = {Provided by the SAO/NASA Astrophysics Data System}
}

@ARTICLE{DikpatiGilman01,
       author = {{Dikpati}, Mausumi and {Gilman}, Peter A.},
        title = "{Analysis of Hydrodynamic Stability of Solar Tachocline Latitudinal Differential Rotation using a Shallow-Water Model}",
      journal = {\apj},
     keywords = {Hydrodynamics, Instabilities, Sun: Atmospheric Motions},
         year = 2001,
        month = apr,
       volume = {551},
       number = {1},
        pages = {536-564},
          doi = {10.1086/320080},
       adsurl = {https://ui.adsabs.harvard.edu/abs/2001ApJ...551..536D},
      adsnote = {Provided by the SAO/NASA Astrophysics Data System}
}




@ARTICLE{KnoblochSpruit1982,
   author = {{Knobloch}, E. and {Spruit}, H.~C.},
    title = "{Stability of differential rotation in stars}",
  journal = {\aap},
 keywords = {Angular Momentum, Flow Stability, Rotating Fluids, Stellar Rotation, Stellar Winds, Baroclinic Instability, Buoyancy, Rayleigh Waves, Shear Flow, Stellar Evolution, Thermal Diffusion, Viscosity},
     year = 1982,
    month = sep,
   volume = 113,
    pages = {261-268},
   adsurl = {http://adsabs.harvard.edu/abs/1982A%26A...113..261K},
  adsnote = {Provided by the SAO/NASA Astrophysics Data System}
}

@ARTICLE{Miesch2005,
       author = {{Miesch}, Mark S.},
        title = "{Large-Scale Dynamics of the Convection Zone and Tachocline}",
      journal = {Living Reviews in Solar Physics},
     keywords = {Solar Interior},
         year = 2005,
        month = dec,
       volume = {2},
       number = {1},
          eid = {1},
        pages = {1},
          doi = {10.12942/lrsp-2005-1},
       adsurl = {https://ui.adsabs.harvard.edu/abs/2005LRSP....2....1M},
      adsnote = {Provided by the SAO/NASA Astrophysics Data System}
}

@ARTICLE{Hindmanal2020,
       author = {{Hindman}, Bradley W. and {Featherstone}, Nicholas A. and {Julien}, Keith},
        title = "{Morphological Classification of the Convective Regimes in Rotating Stars}",
      journal = {\apj},
     keywords = {Stellar physics, Stellar dynamics, Solar physics, Stellar convective zones, Stellar interiors, Stellar rotation, Solar rotation, Solar interior, Solar differential rotation, 1621, 1596, 1476, 301, 1606, 1629, 1524, 1500, 1996},
         year = 2020,
        month = aug,
       volume = {898},
       number = {2},
          eid = {120},
        pages = {120},
          doi = {10.3847/1538-4357/ab9ec2},
       adsurl = {https://ui.adsabs.harvard.edu/abs/2020ApJ...898..120H},
      adsnote = {Provided by the SAO/NASA Astrophysics Data System}
}



@ARTICLE{SpruitKnobloch1984,
   author = {{Spruit}, H.~C. and {Knobloch}, E.},
    title = "{Baroclinic instability in stars}",
  journal = {\aap},
 keywords = {Astrophysics, Baroclinic Instability, Red Giant Stars, Stellar Rotation, Adiabatic Conditions, Angular Velocity, Flow Stability, Lithium, Vorticity Equations},
     year = 1984,
    month = mar,
   volume = 132,
    pages = {89-96},
   adsurl = {http://adsabs.harvard.edu/abs/1984A%26A...132...89S},
  adsnote = {Provided by the SAO/NASA Astrophysics Data System}
}


@ARTICLE{Knobloch84,
   author = {{Knobloch}, E.},
    title = "{On the stability of stratified plane couette flow}",
  journal = {Geophysical and Astrophysical Fluid Dynamics},
     year = 1984,
   volume = 29,
    pages = {105-116},
      doi = {10.1080/03091928408248185},
   adsurl = {http://adsabs.harvard.edu/abs/1984GApFD..29..105K},
  adsnote = {Provided by the SAO/NASA Astrophysics Data System}
}

@ARTICLE{Kitchatinov2014,
   author = {{Kitchatinov}, L.~L.},
    title = "{Baroclinic Instability in Stellar Radiation Zones}",
  journal = {\apj},
archivePrefix = "arXiv",
   eprint = {1401.8068},
 primaryClass = "astro-ph.SR",
 keywords = {dynamo, hydrodynamics, instabilities, stars: rotation},
     year = 2014,
    month = mar,
   volume = 784,
      eid = {81},
    pages = {81},
      doi = {10.1088/0004-637X/784/1/81},
   adsurl = {http://adsabs.harvard.edu/abs/2014ApJ...784...81K},
  adsnote = {Provided by the SAO/NASA Astrophysics Data System}
}

@ARTICLE{GilmanDikpati2014,
   author = {{Gilman}, P. and {Dikpati}, M.},
    title = "{Baroclinic Instability in the Solar Tachocline}",
  journal = {\apj},
 keywords = {dynamo, instabilities, stars: rotation, Sun: interior, Sun: magnetic fields, Sun: rotation},
     year = 2014,
    month = may,
   volume = 787,
      eid = {60},
    pages = {60},
      doi = {10.1088/0004-637X/787/1/60},
   adsurl = {http://adsabs.harvard.edu/abs/2014ApJ...787...60G},
  adsnote = {Provided by the SAO/NASA Astrophysics Data System}
}


@ARTICLE{Gilman2016,
   author = {{Gilman}, P.~A.},
    title = "{Baroclinic Instability in the Solar Tachocline. II. The Eady Problem}",
  journal = {\apj},
 keywords = {Sun: interior, Sun: magnetic fields, Sun: rotation},
     year = 2016,
    month = feb,
   volume = 818,
      eid = {170},
    pages = {170},
      doi = {10.3847/0004-637X/818/2/170},
   adsurl = {http://adsabs.harvard.edu/abs/2016ApJ...818..170G},
  adsnote = {Provided by the SAO/NASA Astrophysics Data System}
}


@ARTICLE{GageMiller74,
   author = {{Gage}, K.~S. and {Miller}, J.~R.},
    title = "{Linear viscous stability analysis of the stratified Bickley jet}",
  journal = {Physics of Fluids},
     year = 1974,
    month = may,
   volume = 17,
    pages = {883-887},
      doi = {10.1063/1.1694825},
   adsurl = {http://adsabs.harvard.edu/abs/1974PhFl...17..883G},
  adsnote = {Provided by the SAO/NASA Astrophysics Data System}
}

@ARTICLE{Holmboe62,
   author = {{Holmboe}, J. },
    title = "{On the behavior of symmetric waves in stratified shear layers}",
  journal = {Geophys. Publ.},
     year = 1962,
   volume = 24,
    pages = {67-113}
}


@ARTICLE{Balmforthal1998,
   author = {{Balmforth}, N.~J. and {Smith}, S.~G.~L. and {Young}, W.~R.},
    title = "{Dynamics of interfaces and layers in a stratified turbulent fluid}",
  journal = jfm,
     year = 1998,
    month = jan,
   volume = 355,
    pages = {329-358},
   adsurl = {http://adsabs.harvard.edu/abs/1998JFM...355..329B},
  adsnote = {Provided by the SAO/NASA Astrophysics Data System}
}

@ARTICLE{Phillips1972,
   author = {{Phillips}, O.~M.},
    title = "{Turbulence in a strongly stratified fluid -- is it unstable?}",
  journal = {Deep Sea Research and Oceanographic Abstracts},
     year = 1972,
   volume = 19,
    pages = {79-81},
      doi = {10.1016/0011-7471(72)90074-5},
   adsurl = {http://adsabs.harvard.edu/abs/1972DSROA..19...79P},
  adsnote = {Provided by the SAO/NASA Astrophysics Data System}
}

@ARTICLE{Jones1977,
   author = {{Jones}, C.~A.},
    title = "{The Onset of Shear Instability in Stars}",
  journal = {Geophysical and Astrophysical Fluid Dynamics},
 keywords = {STABILITY, THEORY,},
     year = 1977,
   volume = 8,
    pages = {165-184},
      doi = {10.1080/03091927708240377},
   adsurl = {http://adsabs.harvard.edu/abs/1977GApFD...8..165J},
  adsnote = {Provided by the SAO/NASA Astrophysics Data System}
}

@ARTICLE{Garaudal15,
   author = {{Garaud}, P. and {Gallet}, B. and {Bischoff}, T.},
    title = "{The stability of stratified spatially periodic shear flows at low P{\'e}clet number}",
  journal = {Physics of Fluids},
archivePrefix = "arXiv",
   eprint = {1507.07286},
 primaryClass = "physics.flu-dyn",
     year = 2015,
    month = aug,
   volume = 27,
   number = 8,
      eid = {084104},
    pages = {084104},
      doi = {10.1063/1.4928164},
   adsurl = {http://adsabs.harvard.edu/abs/2015PhFl...27h4104G},
  adsnote = {Provided by the SAO/NASA Astrophysics Data System}
}

@ARTICLE{Garaudal17,
   author = {{Garaud}, P. and {Gagnier}, D. and {Verhoeven}, J.},
    title = "{Turbulent Transport by Diffusive Stratified Shear Flows: From Local to Global Models. I. Numerical Simulations of a Stratified Plane Couette Flow}",
  journal = {\apj},
archivePrefix = "arXiv",
   eprint = {1610.04320},
 primaryClass = "astro-ph.SR",
 keywords = {hydrodynamics, instabilities, stars: general, turbulence},
     year = 2017,
    month = mar,
   volume = 837,
      eid = {133},
    pages = {133},
      doi = {10.3847/1538-4357/837/2/133},
   adsurl = {http://adsabs.harvard.edu/abs/2017ApJ...837..133G},
  adsnote = {Provided by the SAO/NASA Astrophysics Data System}
}


@ARTICLE{Garaudal15b,
   author = {{Garaud}, P. and {Medrano}, M. and {Brown}, J.~M. and {Mankovich}, C. and 
	{Moore}, K.},
    title = "{Excitation of Gravity Waves by Fingering Convection, and the Formation of Compositional Staircases in Stellar Interiors}",
  journal = {\apj},
archivePrefix = "arXiv",
   eprint = {1505.07759},
 primaryClass = "astro-ph.SR",
 keywords = {convection, hydrodynamics, instabilities, stars: interiors, waves, white dwarfs},
     year = 2015,
    month = jul,
   volume = 808,
      eid = {89},
    pages = {89},
      doi = {10.1088/0004-637X/808/1/89},
   adsurl = {http://adsabs.harvard.edu/abs/2015ApJ...808...89G},
  adsnote = {Provided by the SAO/NASA Astrophysics Data System}
}


@BOOK{Batchelor53,
   author = {{Batchelor}, G.~K.},
    title = "{The Theory of Homogeneous Turbulence}",
booktitle = {The Theory of Homogeneous Turbulence, Cambridge: Cambridge University Press, 1953},
     year = 1953,
     pages = {105},
   adsurl = {http://adsabs.harvard.edu/abs/1953tht..book.....B},
  adsnote = {Provided by the SAO/NASA Astrophysics Data System}
}

@BOOK{Tachocline2007,
   author = {{Hughes}, D.~W. and {Rosner}, R. and {Weiss}, N.~O.},
    title = "{The Solar Tachocline}",
booktitle = {The Solar Tachocline, by Edited by D.~W.~Hughes, R.~Rosner, N.~O.~Weiss, Cambridge, UK: Cambridge University Press, 2007},
     year = 2007,
    month = may,
   adsurl = {http://adsabs.harvard.edu/abs/2007sota.book.....H},
  adsnote = {Provided by the SAO/NASA Astrophysics Data System}
}

@ARTICLE{Watson81,
   author = {{Watson}, M.},
    title = "{Shear instability of differential rotation in stars}",
  journal = {Geophysical and Astrophysical Fluid Dynamics},
 keywords = {Astronomical Models, Flow Stability, Rotating Fluids, Shear Flow, Stellar Rotation, Adiabatic Conditions, Angular Momentum, Angular Velocity, Boundary Value Problems, Eigenvalues, Legendre Functions, Matrices (Mathematics), Solar Rotation, Sound Waves},
     year = 1981,
   volume = 16,
    pages = {285-298},
   adsurl = {http://adsabs.harvard.edu/abs/1981GApFD..16..285W},
  adsnote = {Provided by the SAO/NASA Astrophysics Data System}
}

@ARTICLE{Bazotal2019,
       author = {{Bazot}, M. and {Benomar}, O. and {Christensen-Dalsgaard}, J. and {Gizon}, L. and {Hanasoge}, S. and {Nielsen}, M. and {Petit}, P. and {Sreenivasan}, K.~R.},
        title = "{Latitudinal differential rotation in the solar analogues 16 Cygni A and B}",
      journal = {\aap},
     keywords = {asteroseismology, stars: oscillations, stars: rotation, stars: solar-type, methods: statistical, methods: data analysis, Astrophysics - Solar and Stellar Astrophysics},
         year = 2019,
        month = mar,
       volume = {623},
          eid = {A125},
        pages = {A125},
          doi = {10.1051/0004-6361/201834594},
archivePrefix = {arXiv},
       eprint = {1902.01676},
 primaryClass = {astro-ph.SR},
       adsurl = {https://ui.adsabs.harvard.edu/abs/2019A&A...623A.125B},
      adsnote = {Provided by the SAO/NASA Astrophysics Data System}
}


@ARTICLE{Barnesal2005,
       author = {{Barnes}, J.~R. and {Collier Cameron}, A. and {Donati}, J. -F. and {James}, D.~J. and {Marsden}, S.~C. and {Petit}, P.},
        title = "{The dependence of differential rotation on temperature and rotation}",
      journal = {\mnras},
     keywords = {line: profiles: methods: data analysis, techniques: miscellaneous, stars: activity, stars: atmospheres, stars: late-type, line: profiles, methods: data analysis, Astrophysics},
         year = 2005,
        month = feb,
       volume = {357},
       number = {1},
        pages = {L1-L5},
          doi = {10.1111/j.1745-3933.2005.08587.x},
archivePrefix = {arXiv},
       eprint = {astro-ph/0410575},
 primaryClass = {astro-ph},
       adsurl = {https://ui.adsabs.harvard.edu/abs/2005MNRAS.357L...1B},
      adsnote = {Provided by the SAO/NASA Astrophysics Data System}
}




@ARTICLE{Garaud01,
   author = {{Garaud}, P.},
    title = "{Latitudinal shear instability in the solar tachocline}",
  journal = {\mnras},
 keywords = {HYDRODYNAMICS, INSTABILITIES, SUN: INTERIOR, SUN: ROTATION},
     year = 2001,
    month = jun,
   volume = 324,
    pages = {68-76},
      doi = {10.1046/j.1365-8711.2001.04245.x},
   adsurl = {http://adsabs.harvard.edu/abs/2001MNRAS.324...68G},
  adsnote = {Provided by the SAO/NASA Astrophysics Data System}
}

@ARTICLE{Linden1979,
   author = {{Linden}, P.~F.},
    title = "{Mixing in stratified fluids}",
  journal = {Geophysical and Astrophysical Fluid Dynamics},
     year = 1979,
   volume = 13,
    pages = {3-23},
      doi = {10.1080/03091927908243758},
   adsurl = {http://adsabs.harvard.edu/abs/1979GApFD..13....3L},
  adsnote = {Provided by the SAO/NASA Astrophysics Data System}
}

@article{holfordlinden1999,
title = {Turbulent mixing in a stratified fluid},
journal = {Dynamics of Atmospheres and Oceans},
volume = {30},
number = {2},
pages = {173-198},
year = {1999},
issn = {0377-0265},
doi = {https://doi.org/10.1016/S0377-0265(99)00025-1},
url = {https://www.sciencedirect.com/science/article/pii/S0377026599000251},
author = {Joanne M. Holford and P.F. Linden},
keywords = {Turbulent mixing, Stratified fluid, Buoyancy},
abstract = {The strength of diapycnal mixing by small-scale motions in a stratified fluid is investigated through changes to the mean buoyancy profile. We study the mixing in laboratory experiments in which an initially linearly stratified fluid is stirred with a rake of vertical bars. The flow evolution depends on the Richardson number (Ri), defined as the ratio of buoyancy forces to inertial forces. At low Ri, the buoyancy flux is a function of the local buoyancy gradient only, and may be modelled as gradient diffusion with a Ri-dependent eddy diffusivity. At high Ri, vertical vorticity shed in the wakes of the bars interacts with the stratification and produces well-mixed layers separated by interfaces. This process leads to layers with a thickness proportional to the ratio of grid velocity to buoyancy frequency for a wide range of Reynolds numbers (Re) and grid solidities. In this regime, the buoyancy flux is not a function of the local gradient alone, but also depends on the local structure of the buoyancy profile. Consequently, the layers are not formed by the Phillips/Posmentier mechanism, and we show that they result from vortical mixing previously thought to occur only at low Re. The initial mixing efficiency shows a maximum at a critical Ri which separates the two classes of behaviour. The mixing efficiency falls as the fluid mixes and as the layered structure intensifies and, therefore, the mixing efficiency depends not only on the overall Ri, but also on the dynamics of the structure in the buoyancy field. We discuss some implications of these results to the atmosphere and oceans.}
}

@ARTICLE{PeltierCaulfield03,
   author = {{Peltier}, W.~R. and {Caulfield}, C.},
    title = "{Mixing Efficiency in Stratified Shear Flows}",
  journal = {Annual Review of Fluid Mechanics},
     year = 2003,
   volume = 35,
    pages = {135-167},
      doi = {10.1146/annurev.fluid.35.101101.161144},
   adsurl = {http://adsabs.harvard.edu/abs/2003AnRFM..35..135P},
  adsnote = {Provided by the SAO/NASA Astrophysics Data System}
}

@ARTICLE{MeyerLinden14,
   author = {{Meyer}, C.~R. and {Linden}, P.~F.},
    title = "{Stratified shear flow: experiments in an inclined duct}",
  journal = {Journal of Fluid Mechanics},
     year = 2014,
    month = aug,
   volume = 753,
    pages = {242-253},
      doi = {10.1017/jfm.2014.358},
   adsurl = {http://adsabs.harvard.edu/abs/2014JFM...753..242M},
  adsnote = {Provided by the SAO/NASA Astrophysics Data System}
}

@ARTICLE{ballsy,
   author = {{Balmforth}, N.~J. and {Smith}, S.~G.~L. and {Young}, W.~R.},
    title = "{Dynamics of interfaces and layers in a stratified turbulent fluid}",
  journal = {Journal of Fluid Mechanics},
     year = 1998,
    month = jan,
   volume = 355,
    pages = {329-358},
   adsurl = {http://adsabs.harvard.edu/abs/1998JFM...355..329B},
  adsnote = {Provided by the SAO/NASA Astrophysics Data System}
}

@ARTICLE{Rayleigh1917,
   author = {{Rayleigh}, L.},
    title = "{On the Dynamics of Revolving Fluids}",
  journal = {Proceedings of the Royal Society of London Series A},
     year = 1917,
    month = mar,
   volume = 93,
    pages = {148-154},
      doi = {10.1098/rspa.1917.0010},
   adsurl = {http://adsabs.harvard.edu/abs/1917RSPSA..93..148R},
  adsnote = {Provided by the SAO/NASA Astrophysics Data System}
}

@article{solberg1936mouvement,
  title={Le mouvement d?inertie de l?atmosphere stable et son role dans la theorie des cyclones},
  author={Solberg, H},
  journal={Proces-Verbaux des s{\'e}ances de l?Union International de G{\'e}od{\'e}sie et G{\'e}ophysique (IUGG)},
  pages={66--82},
  year={1936}
}

@ARTICLE{Verhoeven2015,
author={Verhoeven, J. and Wieseh\"ofer, T. and Stellmach, S.},
title={Anelastic versus fully compressible turbulent Rayleigh-B\'enard convection},
journal={\apj},
year={2015},
volume={805},
number={1},
doi={10.1088/0004-637X/805/1/62},
art_number={62},
note={cited By 0},
url={https://www.scopus.com/inward/record.uri?eid=2-s2.0-84930225828&partnerID=40&md5=e575da0e603f76d5c7ee754f96c1a07d},
document_type={Article},
source={Scopus},
}

@ARTICLE{Verhoeven2014143,
author={Verhoeven, J. and Stellmach, S.},
title={The compressional beta effect: A source of zonal winds in planets?},
journal={Icarus},
year={2014},
volume={237},
pages={143-158},
doi={10.1016/j.icarus.2014.04.019},
note={cited By 5},
url={https://www.scopus.com/inward/record.uri?eid=2-s2.0-84900549701&partnerID=40&md5=2aac20f0e160e8d90f86d7fb86601097},
document_type={Article},
source={Scopus},
}

@ARTICLE{Wasiutynski1946,
   author = {{Wasiutynski}, J.},
    title = "{Studies in Hydrodynamics and Structure of Stars and Planets}",
  journal = {Astrophysica Norvegica},
     year = 1946,
   volume = 4,
    pages = {1-497},
   adsurl = {http://adsabs.harvard.edu/abs/1946ApNr....4....1W},
  adsnote = {Provided by the SAO/NASA Astrophysics Data System}
}


@article{wendt1933turbulente,
  title={Turbulente Str{\"o}mungen zwischen zwei rotierenden konaxialen Zylindern},
  author={Wendt, Fritz},
  journal={Archive of Applied Mechanics},
  volume={4},
  number={6},
  pages={577--595},
  year={1933},
  publisher={Springer}
}

%%%%%%% MagIC description %%%%%%%%

@article{Christensen2001,
       author = {{Christensen}, U.~R. and {Aubert}, J. and {Cardin}, P. and {Dormy}, E. and {Gibbons}, S. and {Glatzmaier}, G.~A. and {Grote}, E. and {Honkura}, Y. and {Jones}, C. and {Kono}, M. and {Matsushima}, M. and {Sakuraba}, A. and {Takahashi}, F. and {Tilgner}, A. and {Wicht}, J. and {Zhang}, K.},
        title = "{A numerical dynamo benchmark}",
      journal = {Physics of the Earth and Planetary Interiors},
         year = 2001,
        month = dec,
       volume = {128},
       number = {1-4},
        pages = {25-34},
          doi = {10.1016/S0031-9201(01)00275-8},
       adsurl = {https://ui.adsabs.harvard.edu/abs/2001PEPI..128...25C},
      adsnote = {Provided by the SAO/NASA Astrophysics Data System}
}

@article{Jones2011,
       author = {{Jones}, C.~A. and {Boronski}, P. and {Brun}, A.~S. and {Glatzmaier}, G.~A. and {Gastine}, T. and {Miesch}, M.~S. and {Wicht}, J.},
        title = "{Anelastic convection-driven dynamo benchmarks}",
      journal = {\icarus},
         year = 2011,
        month = nov,
       volume = {216},
       number = {1},
        pages = {120-135},
          doi = {10.1016/j.icarus.2011.08.014},
       adsurl = {https://ui.adsabs.harvard.edu/abs/2011Icar..216..120J},
      adsnote = {Provided by the SAO/NASA Astrophysics Data System}
}

@article{Gastine2014,
       author = {{Gastine}, T. and {Yadav}, R.~K. and {Morin}, J. and {Reiners}, A. and {Wicht}, J.},
        title = "{From solar-like to antisolar differential rotation in cool stars}",
      journal = {\mnras},
     keywords = {convection, MHD, turbulence, Sun: rotation, stars: rotation, Astrophysics - Solar and Stellar Astrophysics},
         year = 2014,
        month = feb,
       volume = {438},
       number = {1},
        pages = {L76-L80},
          doi = {10.1093/mnrasl/slt162},
archivePrefix = {arXiv},
       eprint = {1311.3047},
 primaryClass = {astro-ph.SR},
       adsurl = {https://ui.adsabs.harvard.edu/abs/2014MNRAS.438L..76G},
      adsnote = {Provided by the SAO/NASA Astrophysics Data System}
}


@article{Yadav2022,
       author = {{Yadav}, Rakesh Kumar and {Cao}, Hao and {Bloxham}, Jeremy},
        title = "{A Dynamo Simulation Generating Saturn-Like Small Magnetic Dipole Tilts}",
      journal = {\grl},
     keywords = {Astrophysics - Earth and Planetary Astrophysics, Physics - Fluid Dynamics, Physics - Geophysics},
         year = 2022,
        month = mar,
       volume = {49},
       number = {5},
          eid = {e2021GL097280},
        pages = {e2021GL097280},
          doi = {10.1029/2021GL097280},
archivePrefix = {arXiv},
       eprint = {2203.03520},
 primaryClass = {astro-ph.EP},
       adsurl = {https://ui.adsabs.harvard.edu/abs/2022GeoRL..4997280Y},
      adsnote = {Provided by the SAO/NASA Astrophysics Data System}
}




@article{Schwaiger2021,
       author = {{Schwaiger}, T. and {Gastine}, T. and {Aubert}, J.},
        title = "{Relating force balances and flow length scales in geodynamo simulations}",
      journal = {Geophysical Journal International},
     keywords = {Core, Dynamo: theories and simulations, Numerical modelling, Physics - Geophysics, Physics - Fluid Dynamics},
         year = 2021,
        month = mar,
       volume = {224},
       number = {3},
        pages = {1890-1904},
          doi = {10.1093/gji/ggaa545},
archivePrefix = {arXiv},
       eprint = {2011.14701},
 primaryClass = {physics.geo-ph},
       adsurl = {https://ui.adsabs.harvard.edu/abs/2021GeoJI.224.1890S},
      adsnote = {Provided by the SAO/NASA Astrophysics Data System}
}

@article{Barik2018,
       author = {{Barik}, A. and {Triana}, S.~A. and {Hoff}, M. and {Wicht}, J.},
        title = "{Triadic resonances in the wide-gap spherical Couette system}",
      journal = {Journal of Fluid Mechanics},
         year = 2018,
        month = may,
       volume = {843},
        pages = {211-243},
          doi = {10.1017/jfm.2018.138},
       adsurl = {https://ui.adsabs.harvard.edu/abs/2018JFM...843..211B},
      adsnote = {Provided by the SAO/NASA Astrophysics Data System}
}

@article{Gouhier2022,
       author = {{Gouhier}, B. and {Jouve}, L. and {Ligni{\`e}res}, F.},
        title = "{Angular momentum transport in a contracting stellar radiative zone embedded in a large-scale magnetic field}",
      journal = {\aap},
     keywords = {instabilities, magnetohydrodynamics (MHD), methods: numerical, stars: magnetic field, stars: rotation, stars: interiors, Astrophysics - Solar and Stellar Astrophysics},
         year = 2022,
        month = may,
       volume = {661},
          eid = {A119},
        pages = {A119},
          doi = {10.1051/0004-6361/202141613},
archivePrefix = {arXiv},
       eprint = {2201.02645},
 primaryClass = {astro-ph.SR},
       adsurl = {https://ui.adsabs.harvard.edu/abs/2022A&A...661A.119G},
      adsnote = {Provided by the SAO/NASA Astrophysics Data System}
}

@article{Raynaud2020,
       author = {{Raynaud}, Rapha{\"e}l and {Guilet}, J{\'e}r{\^o}me and {Janka}, Hans-Thomas and {Gastine}, Thomas},
        title = "{Magnetar formation through a convective dynamo in protoneutron stars}",
      journal = {Science Advances},
     keywords = {Astrophysics - High Energy Astrophysical Phenomena, Astrophysics - Solar and Stellar Astrophysics},
         year = 2020,
        month = mar,
       volume = {6},
       number = {11},
        pages = {eaay2732},
          doi = {10.1126/sciadv.aay2732},
archivePrefix = {arXiv},
       eprint = {2003.06662},
 primaryClass = {astro-ph.HE},
       adsurl = {https://ui.adsabs.harvard.edu/abs/2020SciA....6.2732R},
      adsnote = {Provided by the SAO/NASA Astrophysics Data System}
}

@article{Gastine2016,
       author = {{Gastine}, Thomas and {Wicht}, Johannes and {Aubert}, Julien},
        title = "{Scaling regimes in spherical shell rotating convection}",
      journal = {Journal of Fluid Mechanics},
     keywords = {Physics - Fluid Dynamics, Astrophysics - Earth and Planetary Astrophysics, Astrophysics - Solar and Stellar Astrophysics, Physics - Geophysics},
         year = 2016,
        month = dec,
       volume = {808},
        pages = {690-732},
          doi = {10.1017/jfm.2016.659},
archivePrefix = {arXiv},
       eprint = {1609.02372},
 primaryClass = {physics.flu-dyn},
       adsurl = {https://ui.adsabs.harvard.edu/abs/2016JFM...808..690G},
      adsnote = {Provided by the SAO/NASA Astrophysics Data System}
}

%%% Stably stratified layer studies using MagIC

@article{Dietrich2018,
       author = {{Dietrich}, Wieland and {Wicht}, Johannes},
        title = "{Penetrative Convection in Partly Stratified Rapidly Rotating Spherical Shells}",
      journal = {Frontiers in Earth Science},
     keywords = {Stable stratification, rapidly rotating spherical shells, Penetrative convection, scaling laws, Numerical Simulations, Astrophysics - Earth and Planetary Astrophysics},
         year = 2018,
        month = nov,
       volume = {6},
          eid = {189},
        pages = {189},
          doi = {10.3389/feart.2018.00189},
archivePrefix = {arXiv},
       eprint = {1811.04718},
 primaryClass = {astro-ph.EP},
       adsurl = {https://ui.adsabs.harvard.edu/abs/2018FrEaS...6..189D},
      adsnote = {Provided by the SAO/NASA Astrophysics Data System}
}



@article{GastineEarth2020,
       author = {{Gastine}, Thomas and {Aubert}, Julien and {Fournier}, Alexandre},
        title = "{Dynamo-based limit to the extent of a stable layer atop Earth's core}",
      journal = {Geophysical Journal International},
     keywords = {Composition and structure of the core, Core, Dynamo: theories and simulations, Numerical modelling, Physics - Geophysics, Astrophysics - Earth and Planetary Astrophysics, Physics - Fluid Dynamics},
         year = 2020,
        month = may,
       volume = {222},
       number = {2},
        pages = {1433-1448},
          doi = {10.1093/gji/ggaa250},
archivePrefix = {arXiv},
       eprint = {1910.05102},
 primaryClass = {physics.geo-ph},
       adsurl = {https://ui.adsabs.harvard.edu/abs/2020GeoJI.222.1433G},
      adsnote = {Provided by the SAO/NASA Astrophysics Data System}
}

@article{GastineJupiter2021,
       author = {{Gastine}, T. and {Wicht}, J.},
        title = "{Stable stratification promotes multiple zonal jets in a turbulent Jovian dynamo model}",
      journal = {\icarus},
     keywords = {Jupiter interior, Atmospheres dynamics, Magnetohydrodynamics (MHD), Numerical simulations},
         year = 2021,
        month = nov,
       volume = {368},
          eid = {114514},
        pages = {114514},
          doi = {10.1016/j.icarus.2021.114514},
       adsurl = {https://ui.adsabs.harvard.edu/abs/2021Icar..36814514G},
      adsnote = {Provided by the SAO/NASA Astrophysics Data System}
}

@BOOK{Mestel2012,
       author = {{Mestel}, Leon},
        title = "{Stellar magnetism}",
         year = 2012,
       adsurl = {https://ui.adsabs.harvard.edu/abs/2012stma.book.....M},
      adsnote = {Provided by the SAO/NASA Astrophysics Data System}
}



@ARTICLE{Decressinal2009,
       author = {{Decressin}, T. and {Charbonnel}, C. and {Siess}, L. and {Palacios}, A. and {Meynet}, G. and {Georgy}, C.},
        title = "{CNO enrichment by rotating AGB stars in globular clusters}",
      journal = {\aap},
     keywords = {stars: AGB and post-AGB, star: rotation, star: abundances, globular clusters: general, Astrophysics - Solar and Stellar Astrophysics, Astrophysics - Astrophysics of Galaxies},
         year = 2009,
        month = oct,
       volume = {505},
       number = {2},
        pages = {727-733},
          doi = {10.1051/0004-6361/200911822},
archivePrefix = {arXiv},
       eprint = {0907.5200},
 primaryClass = {astro-ph.SR},
       adsurl = {https://ui.adsabs.harvard.edu/abs/2009A&A...505..727D},
      adsnote = {Provided by the SAO/NASA Astrophysics Data System}
}

@ARTICLE{Kaiser2020,
       author = {{Kaiser}, Etienne A. and {Hirschi}, Raphael and {Arnett}, W. David and
         {Georgy}, Cyril and {Scott}, Laura J.~A. and {Cristini}, Andrea},
        title = "{Relative importance of convective uncertainties in massive stars}",
      journal = {\mnras},
     keywords = {stars: evolution, stars: interiors, convection, Nucleosynthesis, stars: massive, Astrophysics - Solar and Stellar Astrophysics},
         year = 2020,
        month = jun,
       volume = {496},
       number = {2},
        pages = {1967-1989},
          doi = {10.1093/mnras/staa1595},
archivePrefix = {arXiv},
       eprint = {2006.01877},
 primaryClass = {astro-ph.SR},
       adsurl = {https://ui.adsabs.harvard.edu/abs/2020MNRAS.496.1967K},
      adsnote = {Provided by the SAO/NASA Astrophysics Data System}
}

@ARTICLE{MaederMeynet00,
       author = {{Maeder}, Andr{\'e} and {Meynet}, Georges},
        title = "{The Evolution of Rotating Stars}",
      journal = {\araa},
     keywords = {STELLAR ROTATION, STELLAR EVOLUTION, MASS LOSS, MIXING, CHEMICAL ABUNDANCES, Astrophysics},
         year = 2000,
        month = jan,
       volume = {38},
        pages = {143-190},
          doi = {10.1146/annurev.astro.38.1.143},
archivePrefix = {arXiv},
       eprint = {astro-ph/0004204},
 primaryClass = {astro-ph},
       adsurl = {https://ui.adsabs.harvard.edu/abs/2000ARA&A..38..143M},
      adsnote = {Provided by the SAO/NASA Astrophysics Data System}
}


@ARTICLE{MooreGaraud2016,
       author = {{Moore}, Kevin and {Garaud}, Pascale},
        title = "{Main Sequence Evolution with Layered Semiconvection}",
      journal = {\apj},
     keywords = {convection, stars: evolution, stars: interiors, Astrophysics - Solar and Stellar Astrophysics},
         year = 2016,
        month = jan,
       volume = {817},
       number = {1},
          eid = {54},
        pages = {54},
          doi = {10.3847/0004-637X/817/1/54},
archivePrefix = {arXiv},
       eprint = {1506.01034},
 primaryClass = {astro-ph.SR},
       adsurl = {https://ui.adsabs.harvard.edu/abs/2016ApJ...817...54M},
      adsnote = {Provided by the SAO/NASA Astrophysics Data System}
}


@article{Moore2022,
author = {Moore, K. M. and Barik, A. and Stanley, S. and Stevenson, D. J. and Nettelmann, N. and Helled, R. and Guillot, T. and Militzer, B. and Bolton, S.},
title = {Dynamo simulations of Jupiter’s magnetic field: The role of stable stratification and a dilute core},
journal = {Journal of Geophysical Research: Planets},
volume = {n/a},
number = {n/a},
year = {2022},
pages = {e2022JE007479},
keywords = {Jupiter, magnetic field, dynamo, dilute core, stably stratified layer, interior},
doi = {https://doi.org/10.1029/2022JE007479},
url = {https://agupubs.onlinelibrary.wiley.com/doi/abs/10.1029/2022JE007479},
eprint = {https://agupubs.onlinelibrary.wiley.com/doi/pdf/10.1029/2022JE007479},
note = {e2022JE007479 2022JE007479}
}

@ARTICLE{Waite2017,
       author = {{Waite}, Michael L.},
        title = "{Random forcing of geostrophic motion in rotating stratified turbulence}",
      journal = {Physics of Fluids},
         year = 2017,
        month = dec,
       volume = {29},
       number = {12},
          eid = {126602},
        pages = {126602},
          doi = {10.1063/1.5004986},
       adsurl = {https://ui.adsabs.harvard.edu/abs/2017PhFl...29l6602W},
      adsnote = {Provided by the SAO/NASA Astrophysics Data System}
}
@ARTICLE{WaiteBartello2004,
       author = {{Waite}, Michael L. and {Bartello}, Peter},
        title = "{Stratified turbulence dominated by vertical motion}",
      journal = {Journal of Fluid Mechanics},
         year = 2004,
       volume = {517},
        pages = {281-308},
          doi = {10.1017/S0022112004000977},
       adsurl = {https://www.cambridge.org/core/journals/journal-of-fluid-mechanics/article/stratified-turbulence-dominated-by-vortical-motion/CE2036181A315918218DBDD9BE05FD9E},
      adsnote = {Provided by Cambridge University Press Archive}
}
@ARTICLE{WaiteBartello2006,
       author = {{Waite}, Michael L. and {Bartello}, Peter},
        title = "{The transition from geostrophic to stratified turbulence}",
      journal = {Journal of Fluid Mechanics},
         year = 2006,
       volume = {568},
        pages = {89-108},
          doi = {10.1017/S0022112006002060},
       adsurl = {https://uwaterloo.ca/scholar/sites/ca.scholar/files/mwaite/files/wb06b.pdf},
      adsnote = {Provided by University of Waterloo Archive}
}

@ARTICLE{Pouquetal2023,
       author = {{Pouquet}, Annick and {Rosenberg}, Duane and {Marino}, Raffaele and {Mininni}, Pablo},
        title = "{Intermittency Scaling for Mixing and Dissipation in Rotating Stratified Turbulence at the Edge of Instability}",
      journal = {Atmosphere},
         year = 2023,
        month = aug,
       volume = {14},
       number = {9},
        pages = {1375},
          doi = {10.3390/atmos14091375},
       adsurl = {https://ui.adsabs.harvard.edu/abs/2023Atmos..14.1375P},
      adsnote = {Provided by the SAO/NASA Astrophysics Data System}
}

@ARTICLE{LindborgBrethouwer2007,
       author = {{Lindborg}, E. and {Brethouwer}, G.},
        title = "{Stratified turbulence forced in rotational and divergent modes}",
      journal = {Journal of Fluid Mechanics},
         year = 2007,
        month = aug,
       volume = {586},
        pages = {83},
          doi = {10.1017/S0022112007007082},
       adsurl = {https://ui.adsabs.harvard.edu/abs/2007JFM...586...83L},
      adsnote = {Provided by the SAO/NASA Astrophysics Data System}
}

@article{Alvelius1999,
    author = {Alvelius, K.},
    title = "{Random forcing of three-dimensional homogeneous turbulence}",
    journal = {Physics of Fluids},
    volume = {11},
    number = {7},
    pages = {1880-1889},
    year = {1999},
    month = {07},
    abstract = "{A method of using a fully random force to numerically generate statistically stationary homogeneous turbulence has been developed. The forcing is implemented in spectral space where it is concentrated at small wave numbers. Hence, the power input is introduced into the flow at large scales. The randomness in time makes the force neutral, in the sense that it does not directly correlate with any of the time scales of the turbulent flow, and it also makes the power input determined solely by the force-force correlation. This means that it is possible to generate different desirable turbulence states, such as axisymmetric turbulence, where the degree of anisotropy of the forcing can be chosen a priori through forcing parameters. In particular, the total amount of power input from the forcing can be set to balance a desired dissipation at a statistically stationary state. In order to only get a contribution from the force-force correlation to the input power in the discrete equations, the force is determined so that the velocity-force correlation vanishes for each Fourier mode. In direct numerical simulations (DNS) of forced isotropic turbulence, universality of the small scales is shown for the kinetic energy spectrum at different Reynolds numbers and the velocity derivative skewness obtains the value −0.5. The forcing method is used in a large eddy simulation (LES), where it is compared with a simulation of decaying turbulence to show the importance of having a statistically stationary flow if well known inertial laws are to be recovered at moderate Reynolds numbers.}",
    issn = {1070-6631},
    doi = {10.1063/1.870050},
    url = {https://doi.org/10.1063/1.870050},
    eprint = {https://pubs.aip.org/aip/pof/article-pdf/11/7/1880/19196041/1880\_1\_online.pdf},
}

@ARTICLE{Lindborg2005,
       author = {{Lindborg}, Erik},
        title = "{The effect of rotation on the mesoscale energy cascade in the free atmosphere}",
      journal = {\grl},
     keywords = {Atmospheric Processes: Mesoscale meteorology, Atmospheric Processes: Middle atmosphere dynamics (0341, 0342), Atmospheric Processes: Turbulence (4490), Earth Science},
         year = 2005,
        month = jan,
       volume = {32},
       number = {1},
          eid = {L01809},
        pages = {L01809},
          doi = {10.1029/2004GL021319},
       adsurl = {https://ui.adsabs.harvard.edu/abs/2005GeoRL..32.1809L},
      adsnote = {Provided by the SAO/NASA Astrophysics Data System}
}

@ARTICLE{HerringMetais1989,
       author = {{Herring}, J.~R. and {Metais}, O.},
        title = "{Numerical experiments in forced stably stratified turbulence}",
      journal = {Journal of Fluid Mechanics},
         year = 1989,
        month = jan,
       volume = {202},
        pages = {97-115},
          doi = {10.1017/S0022112089001114},
       adsurl = {https://ui.adsabs.harvard.edu/abs/1989JFM...202...97H},
      adsnote = {Provided by the SAO/NASA Astrophysics Data System}
}


@ARTICLE{Spruit2002,
       author = {{Spruit}, H.~C.},
        title = "{Dynamo action by differential rotation in a stably stratified stellar interior}",
      journal = {\aap},
     keywords = {MAGNETOHYDRODYNAMICS (MHD), STARS: MAGNETIC FIELDS, INSTABILITIES, Astrophysics},
         year = 2002,
        month = jan,
       volume = {381},
        pages = {923-932},
          doi = {10.1051/0004-6361:20011465},
archivePrefix = {arXiv},
       eprint = {astro-ph/0108207},
 primaryClass = {astro-ph},
       adsurl = {https://ui.adsabs.harvard.edu/abs/2002A&A...381..923S},
      adsnote = {Provided by the SAO/NASA Astrophysics Data System}
}

@ARTICLE{TSI2023,
       author = {{Ji}, Suoqing and {Fuller}, Jim and {Lecoanet}, Daniel},
        title = "{Magnetohydrodynamic simulations of the Tayler instability in rotating stellar interiors}",
      journal = {\mnras},
     keywords = {stars: magnetic field, (magnetohydrodynamics) MHD, instabilities, Astrophysics - Solar and Stellar Astrophysics},
         year = 2023,
        month = jun,
       volume = {521},
       number = {4},
        pages = {5372-5383},
          doi = {10.1093/mnras/stad910},
archivePrefix = {arXiv},
       eprint = {2209.08104},
 primaryClass = {astro-ph.SR},
       adsurl = {https://ui.adsabs.harvard.edu/abs/2023MNRAS.521.5372J},
      adsnote = {Provided by the SAO/NASA Astrophysics Data System}
}

@ARTICLE{Petitdemange2023,
       author = {{Petitdemange}, Ludovic and {Marcotte}, Florence and {Gissinger}, Christophe},
        title = "{Spin-down by dynamo action in simulated radiative stellar layers}",
      journal = {Science},
     keywords = {ASTRONOMY; PHYSICS, Astrophysics - Solar and Stellar Astrophysics},
         year = 2023,
        month = jan,
       volume = {379},
       number = {6629},
        pages = {300-303},
          doi = {10.1126/science.abk2169},
archivePrefix = {arXiv},
       eprint = {2206.13819},
 primaryClass = {astro-ph.SR},
       adsurl = {https://ui.adsabs.harvard.edu/abs/2023Sci...379..300P},
      adsnote = {Provided by the SAO/NASA Astrophysics Data System}
}

@BOOK{Pedlosky1982,
       author = {{Pedlosky}, J.},
        title = "{Geophysical fluid dynamics}",
         year = 1982,
       adsurl = {https://ui.adsabs.harvard.edu/abs/1982bsv..book.....P},
      adsnote = {Provided by the SAO/NASA Astrophysics Data System}
}


@BOOK{Vallis2006,
       author = {{Vallis}, Geoffrey K.},
        title = "{Atmospheric and Oceanic Fluid Dynamics}",
         year = 2006,
          doi = {10.2277/0521849691},
       adsurl = {https://ui.adsabs.harvard.edu/abs/2006aofd.book.....V},
      adsnote = {Provided by the SAO/NASA Astrophysics Data System}
}

@ARTICLE{AAal2013,
       author = {{Acevedo-Arreguin}, L.~A. and {Garaud}, P. and {Wood}, T.~S.},
        title = "{Dynamics of the solar tachocline - III. Numerical solutions of the Gough and McIntyre model}",
      journal = {\mnras},
     keywords = {MHD, Sun: interior, Sun: rotation, Astrophysics - Solar and Stellar Astrophysics},
         year = 2013,
        month = sep,
       volume = {434},
       number = {1},
        pages = {720-741},
          doi = {10.1093/mnras/stt1065},
archivePrefix = {arXiv},
       eprint = {1304.3167},
 primaryClass = {astro-ph.SR},
       adsurl = {https://ui.adsabs.harvard.edu/abs/2013MNRAS.434..720A},
      adsnote = {Provided by the SAO/NASA Astrophysics Data System}
}

@ARTICLE{Shah2023,
       author = {{Shah}, Kasturi and {Chini}, Gregory P. and {Caulfield}, Colm-cille P. and {Garaud}, Pascale},
        title = "{Regimes of stratified turbulence at low Prandtl number}",
      journal = {arXiv e-prints},
     keywords = {Physics - Fluid Dynamics},
         year = 2023,
        month = nov,
          eid = {arXiv:2311.06424},
        pages = {arXiv:2311.06424},
archivePrefix = {arXiv},
       eprint = {2311.06424},
 primaryClass = {physics.flu-dyn},
       adsurl = {https://ui.adsabs.harvard.edu/abs/2023arXiv231106424S},
      adsnote = {Provided by the SAO/NASA Astrophysics Data System}
}

@ARTICLE{Garaudal2023,
       author = {{Garaud}, Pascale and {Khan}, Saniya and {Brown}, Justin M.},
        title = "{The combined effects of vertical and horizontal shear instabilities}",
      journal = {arXiv e-prints},
     keywords = {Astrophysics - Solar and Stellar Astrophysics, Physics - Fluid Dynamics},
         year = 2023,
        month = aug,
          eid = {arXiv:2308.14442},
        pages = {arXiv:2308.14442},
          doi = {10.48550/arXiv.2308.14442},
archivePrefix = {arXiv},
       eprint = {2308.14442},
 primaryClass = {astro-ph.SR},
       adsurl = {https://ui.adsabs.harvard.edu/abs/2023arXiv230814442G},
      adsnote = {Provided by the SAO/NASA Astrophysics Data System}
}

@ARTICLE{Garaudal2024,
        author = {{Garaud}, Pascale and {Chini} Gregory P. and {Shah} Kaasturi and {Caulfield}, Colm-cille P.},
        title = "{Numerical validation of scaling laws for stratified turbulence}",
      journal = {JFM Rapids},
     keywords = {},
         year = 2024,
        month = may,
          eid = {},
        pages = {},
          doi = {},
archivePrefix = {},
       eprint = {},
 primaryClass = {},
       adsurl = {},
      adsnote = {}
}

@article{YiKoseff2023,
  title = {Underlying physics of mixing efficiency for shear-forced, stratified turbulence},
  author = {Yi, Young R. and Koseff, Jeffrey R.},
  journal = {Phys. Rev. Fluids},
  volume = {8},
  issue = {8},
  pages = {084803},
  numpages = {31},
  year = {2023},
  month = {Aug},
  publisher = {American Physical Society},
  doi = {10.1103/PhysRevFluids.8.084803},
  url = {https://link.aps.org/doi/10.1103/PhysRevFluids.8.084803}
}

@article{HowlandTaylorCaulfield2020, 
title={Mixing in forced stratified turbulence and its dependence on large-scale forcing}, volume={898}, 
DOI={10.1017/jfm.2020.383},
journal={Journal of Fluid Mechanics},
author={Howland, Christopher J. and Taylor, John R. and Caulfield, C. P.},
year={2020}, 
pages={A7}
}

@article{SmithCaulfieldTaylor2021, 
title={Turbulence in forced stratified shear flows},
volume={910},
DOI={10.1017/jfm.2020.994}, 
journal={Journal of Fluid Mechanics},
author={Smith, Katherine M. and Caulfield, C.P. and Taylor, J.R.},
year={2021},
pages={A42}
}

@article{Maffioli_Brethouwer_Lindborg_2016,
title={Mixing efficiency in stratified turbulence},
volume={794},
DOI={10.1017/jfm.2016.206},
journal={Journal of Fluid Mechanics},
author={Maffioli, A. and Brethouwer, G. and Lindborg, E.},
year={2016},
pages={R3}
}

@article{JulienKnobloch2007,
    author = {Julien, Keith and Knobloch, Edgar},
    title = "{Reduced models for fluid flows with strong constraints}",
    journal = {Journal of Mathematical Physics},
    volume = {48},
    number = {6},
    pages = {065405},
    year = {2007},
    month = {06},
    abstract = "{The presence of a dominant balance in the equations for fluid flow can be exploited to derive an asymptotically exact but simpler set of governing equations. These permit semianalytical and/or numerical explorations of parameter regimes that would otherwise be inaccessible to direct numerical simulation. The derivation of the resulting reduced models is illustrated here for (i) rapidly rotating convection in a plane layer, (ii) convection in a strong magnetic field, and (iii) the magnetorotational instability in accretion disks and the results used to extend our understanding of these systems in the strongly nonlinear regime.}",
    issn = {0022-2488},
    doi = {10.1063/1.2741042},
    url = {https://doi.org/10.1063/1.2741042},
    eprint = {https://pubs.aip.org/aip/jmp/article-pdf/doi/10.1063/1.2741042/15874491/065405\_1\_online.pdf},
}

@inproceedings{WilliamsRasmussen1995,
 author = {Williams, Christopher and Rasmussen, Carl},
 booktitle = {Advances in Neural Information Processing Systems},
 editor = {D. Touretzky and M.C. Mozer and M. Hasselmo},
 pages = {},
 publisher = {MIT Press},
 title = {Gaussian Processes for Regression},
 url = {https://proceedings.neurips.cc/paper_files/paper/1995/file/7cce53cf90577442771720a370c3c723-Paper.pdf},
 volume = {8},
 year = {1995}
}

@article{SpragueJulienKnoblochWerne2006,
title={Numerical simulation of an asymptotically reduced system for rotationally constrained convection},
volume={551},
DOI={10.1017/S0022112005008499},
journal={Journal of Fluid Mechanics},
author={{Sprague}, Michael and {Julien}, Keith and {Knobloch}, Edgar and {Werne}, Joseph},
year={2006},
pages={141–174}
}

